3880 5568
658 383 714 433 nu
748 382 887 434 orario
921 381 1222 460 orrumumuro,
1611 359 1660 434 ll

216 615 348 685 uberis
377 635 447 706 per
475 613 708 684 violentiam
741 615 1013 702 tenderentur,
1044 618 1084 684 et
1112 615 1167 684 sie
1196 614 1305 686 illico
1333 613 1493 706 plenam
1520 614 1664 706 rulepta

215 746 275 810 est
303 739 529 825 sanitatem,
560 745 605 808 ut
634 738 769 808 nullae
798 741 1056 810 remanerent
1084 739 1289 810 cicatrices
1318 739 1494 810 ulcerum
1519 739 1560 808 iu
1582 761 1663 808 ruri-

215 863 340 934 milla.
370 863 476 934 Item
508 862 674 950 addidit,
704 863 823 956 qnod,
853 886 944 934 omn
975 861 1078 934 lacte
1107 867 1259 934 careret
1287 864 1328 934 iu
1367 863 1494 933 ubere
1529 885 1663 956 supra-

214 987 332 1073 dicto,
362 991 504 1058 octavo
533 987 609 1078 die,
641 991 849 1080 postquam
885 991 1086 1080 receperat
1114 987 1341 1072 sanitatem,
1371 991 1509 1058 sancto
1547 986 1663 1056 fratri

215 1111 424 1182 lrumiliter
453 1111 708 1204 supplicavit,
739 1113 783 1182 ut
812 1110 853 1182 in
884 1111 959 1181 hoc
988 1110 1109 1182 etiam
1142 1110 1216 1182 sibi
1248 1109 1557 1182 misericorditer
1577 1110 1664 1180 sub-

214 1235 385 1319 renirct;
417 1239 509 1305 voto
539 1235 674 1328 itaque
704 1236 810 1306 t'aoto
853 1235 1063 1306 confestim
1095 1234 1254 1320 mulier,
1284 1235 1387 1305 sieut
1415 1234 1568 1321 asserit,
1603 1233 1664 1304 lao

215 1358 359 1430 balmit
387 1359 653 1430 abundanter.
1344 1441 1348 1448 ,

321 1477 409 1582 (33)
439 1481 773 1554 Bartholomaeus
794 1480 1006 1554 (iubiauus
1028 1483 1192 1574 juratus
1212 1484 1391 1572 asseruit,
1422 1483 1541 1576 quod,
1571 1505 1663 1552 cum

219 1606 354 1677 Palma
372 1606 455 1678 filia
475 1607 599 1700 ipsius
618 1628 688 1699 per
707 1628 834 1677 anuos
850 1625 921 1676 1111
942 1607 985 1676 in
1006 1607 1193 1678 manibus
1213 1611 1253 1678 et
1272 1608 1439 1700 pedibus
1458 1606 1665 1678 tolerasset

214 1735 352 1818 guttae
385 1731 543 1802 listulae
578 1731 822 1824 passionem,
861 1754 884 1801 a
918 1731 1084 1802 medicis
1121 1731 1284 1824 penitus
1320 1732 1529 1826 desperata
1560 1729 1665 1801 circa

214 1855 427 1927 transitum
447 1855 583 1926 fratris
599 1857 643 1947 (f.
658 1853 745 1944 llas)
759 1854 1014 1926 Beneveunti
1025 1855 1075 1926 ad
1091 1877 1235 1948 corpus
1249 1856 1374 1949 ipsius
1390 1855 1661 1948 bajulantium

215 1979 401 2050 manibus
420 1984 480 2050 ost
497 1979 680 2050 adducta.
703 1979 876 2070 Quidam
899 2002 1006 2065 vero,
1028 1979 1206 2051 Basilius
1232 1981 1407 2066 nomine,
1437 1979 1505 2073 qui
1536 1980 1663 2050 adsta-

214 2104 294 2192 bat,
312 2126 399 2174 eam
420 2126 489 2196 per
508 2104 690 2175 memlna
710 2103 817 2175 laesa
831 2103 988 2198 puellae
1003 2127 1048 2174 ac
1064 2105 1228 2175 deornm
1250 2104 1370 2197 pedes
1387 2104 1511 2196 ipsius
1528 2109 1664 2195 putre-

214 2229 341 2299 factos
369 2229 418 2299 ad
449 2229 587 2298 horam
619 2228 753 2322 posuit
781 2251 899 2322 super
926 2229 1106 2316 fratrem,
1128 2251 1207 2322 quo
1226 2229 1333 2299 farto
1359 2227 1466 2298 dicta
1486 2226 1664 2320 puellula

215 2377 306 2424 cum
336 2353 575 2424 mulieribus
603 2351 693 2423 aliis
722 2353 974 2446 pernoctavit
1006 2353 1154 2423 ibidem
1177 2357 1216 2423 et
1236 2352 1341 2423 circa
1360 2352 1438 2422 diei
1460 2351 1662 2446 sequentis

216 2499 420 2571 uesperam
439 2477 606 2548 lmmore
621 2477 779 2548 fistulae
795 2477 993 2549 desiccato
1015 2477 1169 2548 meritis
1188 2477 1285 2548 dicti
1306 2477 1442 2548 fratris
1462 2477 1660 2567 integram

215 2603 323 2674 illico
352 2607 564 2674 consecuta
592 2608 651 2673 est
679 2603 907 2673 sanitatem.

321 2723 409 2827 (34)
432 2726 557 2796 Parca
585 2725 731 2798 mulier
760 2727 808 2797 de
836 2725 1030 2798 Doudoua
1052 2727 1191 2818 jurata
1215 2726 1409 2818 deposuit,
1431 2727 1548 2820 quod,
1570 2747 1658 2796 oum
1685 2739 1688 2744 “

215 2877 258 2940 os
287 2853 374 2946 ejus
403 2857 443 2923 ct
472 2873 612 2923 nasum
642 2855 758 2945 gutta
785 2850 920 2922 listula
949 2855 1177 2944 occupasset
1206 2850 1274 2936 ita,
1304 2852 1410 2943 quod
1440 2873 1508 2944 per
1529 2849 1662 2920 ulcera

215 2980 409 3072 quaedam
434 2977 707 3048 indesinenter
737 2977 940 3047 ernitterot
969 2975 1120 3046 saniem
1152 2979 1191 3046 et
1220 2975 1425 3062 foetuum,
1447 2975 1497 3046 ab
1521 2975 1661 3046 anneis

215 3111 256 3172 et
294 3087 527 3195 parentibus
563 3101 743 3172 fastidita
781 3099 884 3170 mori
914 3093 1203 3193 potiusquam
1239 3099 1374 3170 vivere
1412 3101 1658 3193 peroptabat.

217 3225 398 3298 Veniens
427 3226 551 3320 igitur
579 3226 629 3295 ad
658 3225 862 3296 tumulum
892 3224 989 3294 dicti
1032 3223 1169 3294 fratris
1197 3246 1286 3294 cum
1318 3231 1467 3295 orasset
1497 3225 1659 3314 ibidem,

216 3350 346 3443 coepit
374 3350 505 3420 subito
525 3353 760 3438 sternutare,
786 3353 892 3420 etex
912 3349 1170 3419 concussione
1200 3349 1285 3442 ipsa
1313 3349 1506 3420 foetentia
1530 3350 1660 3420 ulcera

215 3475 408 3548 dissoluta
437 3474 742 3546 multitudinem
772 3473 921 3544 ossium
951 3495 1040 3544 cum
1064 3495 1182 3544 earne
1203 3475 1364 3566 putrida
1383 3496 1453 3567 per
1472 3474 1624 3546 crificia
1647 3477 1655 3511 ¹

216 3600 477 3684 emittebant,
516 3599 660 3692 ‹prilms
693 3599 848 3670 emissis
886 3620 1019 3668 coram
1059 3598 1225 3686 cunctis,
1256 3601 1324 3692 qui
1367 3601 1545 3684 aderaut,
1576 3625 1659 3672 eoe-

216 3728 361 3818 peruut
390 3723 522 3794 ulcera
551 3724 725 3814 solidari,
747 3729 786 3796 et
807 3723 1028 3816 plenariam
1059 3723 1183 3816 ipsius
1208 3724 1362 3795 meritis
1382 3726 1530 3818 recepit
1550 3725 1658 3798 illico

216 3849 444 3920 sanitatem.
1015 3847 1018 3854 '
1500 3849 1508 3860 “

261 4039 266 4048 .
323 3969 368 4070 (t'.
387 3969 472 4072 (537
490 3968 580 4073 (35)
597 3973 737 4046 Ulixes
752 3973 939 4044 Falconis
957 3974 1120 4068 J'uratus
1139 3973 1319 4060 asseruit,
1332 3975 1449 4068 quod,
1467 3997 1556 4044 cum
1576 3973 1658 4046 tilia

216 4097 316 4188 ejus,
352 4098 586 4168 l'urulrauln
619 4097 793 4184 nomine,
814 4120 884 4190 per
912 4120 1038 4168 anuos
1067 4117 1140 4168 1111
1169 4121 1216 4168 ex
1239 4103 1407 4191 utraque
1436 4103 1549 4190 parte
1570 4106 1657 4192 girt-

216 4222 317 4292 turis
354 4221 542 4292 scrut'nlis
584 4227 686 4292 esset
723 4223 891 4308 obsessa,
931 4223 1016 4293 siue
1054 4223 1247 4294 incisione
1290 4223 1385 4294 t'erri
1424 4223 1658 4296 nullatenus

215 4350 371 4438 poterat
390 4345 564 4416 libcrari.
586 4345 708 4418 Pater
727 4369 820 4416 uero
841 4347 929 4440 ejus
953 4347 1173 4440 periculum
1197 4351 1380 4418 metuens
1401 4369 1652 4442 uelpraquam

217 4471 290 4540 boc
330 4471 492 4542 medicis
530 4470 755 4542 dicentibus
792 4471 1014 4564 acquievit3
1054 4471 1121 4542 sed
1159 4471 1266 4541 tacto
1305 4475 1397 4542 voto
1436 4471 1655 4566 (lauretum

215 4595 383 4666 tendens
412 4595 538 4686 ipsam
570 4594 778 4666 humiliter
807 4595 856 4665 ad
885 4595 1012 4666 saneti
1032 4595 1168 4666 fratris
1188 4595 1391 4666 tumulum
1413 4595 1656 4690 deportavit3

215 4718 284 4788 uin
305 4741 395 4788 eum
418 4718 459 4788 iu
480 4719 658 4790 oratioue
679 4723 885 4811 praesente
907 4719 997 4788 avia
1012 4741 1083 4790 sua
1098 4719 1233 4812 puella
1251 4723 1533 4813 pernoctasset,
1550 4722 1657 4794 facto

215 4865 333 4912 mane
362 4842 457 4912 dicti
487 4843 621 4913 fratris
652 4843 804 4914 meritis
834 4841 969 4913 extitit
998 4843 1178 4914 liberata.

216 5001 255 5008 -—
282 5003 297 5007 ..
320 5003 398 5008 --.-
423 5003 621 5009 -——----—
638 5005 769 5010 ,-.--.
790 5005 816 5010 -.-
837 5003 1046 5010 ———-.----—
1075 5005 1177 5010 --——
1221 5005 1325 5012 ..-..--
1347 5007 1353 5012 .
1406 5007 1432 5012 .-
1489 5007 1568 5014 ᾑ-
1588 5009 1655 5016 -..

323 5071 332 5099 ¹
352 5059 705 5139 sarificium=apertura
