3902 5570
720 448 775 498 on
805 448 836 498 s.
868 445 1061 498 Asamum
1092 447 1128 497 r.
1596 429 1643 521 ll

202 683 334 746 rentes
362 676 470 746 visus
497 681 537 746 et
565 677 737 763 auditus,
767 677 843 748 loci
872 683 912 750 et
940 677 1143 769 temporis,
1174 683 1244 748 aut
1272 677 1305 747 si
1335 699 1436 770 quae
1466 683 1560 748 sunt
1589 701 1649 748 ce-

203 803 311 870 terae
352 800 675 872 circumstantiae
717 801 885 872 testibus
927 801 1196 888 adhibendae,
1234 801 1448 872 studiosius
1489 802 1649 896 singula

204 929 478 1018 supputarent,
508 947 553 995 ac
582 947 651 1018 per
680 947 844 995 manum
876 925 1075 1018 publicam
1120 927 1335 996 memoriae
1365 927 1512 998 tradita
1540 926 1681 1023 testi-1

204 1049 339 1148 monio
368 1049 549 1120 veritatis
577 1049 816 1142 apostolicae
845 1050 947 1120 sedis
976 1049 1221 1121 reverentiae
1247 1050 1529 1120 destimn·ent.¹
1697 1033 1701 1042 ’

311 1169 371 1272 (1)
401 1173 480 1244 Die
518 1196 714 1267 namque,
749 1196 828 1268 quo
865 1174 971 1244 beati
1001 1174 1176 1244 Antonii
1217 1196 1358 1267 corpus
1402 1175 1442 1244 in
1486 1174 1651 1244 ecclesia

205 1306 363 1369 sanctae
393 1296 471 1369 Dei
501 1296 721 1370 Genitricis
748 1297 880 1391 dignis
908 1298 1094 1370 laudibus
1123 1301 1163 1370 et
1191 1297 1497 1370 honorificentia
1516 1297 1651 1368 debita

206 1423 413 1493 conditum
447 1429 526 1510 est,
556 1423 702 1493 mulier
731 1422 938 1514 quaedam,
969 1421 1115 1494 (birtine
1143 1418 1296 1521 (12141‘)
1327 1422 1510 1509 nominc,
1541 1443 1652 1491 mon-

206 1555 358 1617 struose
400 1551 621 1632 contracta,
651 1546 929 1618 instrumentis
971 1546 1131 1640 ligneis,
1161 1568 1262 1640 quae
1304 1546 1456 1617 ferulae
1498 1568 1649 1616 nuncu-

206 1679 364 1763 pantur,
394 1673 444 1742 ad
472 1670 671 1764 sepulchri
700 1670 831 1742 locum
870 1674 1093 1741 sustentata
1121 1671 1324 1764 perrenit3
1356 1671 1395 1741 in
1427 1670 1542 1762 cujus
1583 1670 1651 1740 lm-

207 1817 316 1865 moro
336 1795 478 1889 gibbus
506 1796 696 1866 immanis
724 1818 772 1866 ex
803 1795 1017 1866 humorum
1043 1795 1294 1866 concretione
1323 1817 1564 1888 ermanrgous
1593 1794 1651 1865 ita

206 1919 489 1990 miserabiliter
526 1921 824 2008 incurvaverat,
861 1919 967 2013 quod
1005 1941 1086 1989 non
1124 1919 1201 1990 nisi
1239 1919 1379 1990 ferulis
1418 1924 1653 2012 supportata

207 2043 408 2115 ullatenus
436 2051 593 2138 poterat
625 2045 843 2116 ambulare.
874 2043 986 2135 Quae
1024 2065 1115 2114 oum
1154 2065 1286 2114 coram
1327 2044 1454 2114 sancti
1494 2043 1651 2114 tumulo

208 2169 415 2262 paululum
456 2169 696 2240 substitisset
733 2169 774 2239 in
813 2169 992 2240 oratione
1026 2173 1236 2261 prostrata,
1266 2169 1520 2262 complanato
1559 2191 1652 2237 mox

208 2293 376 2364 humero
405 2294 559 2364 cunctis
587 2294 841 2364 cernentibus
869 2293 1011 2387 gibbus
1040 2293 1204 2363 evanuit
1233 2293 1485 2386 dimissisque
1513 2291 1653 2362 ferulis

209 2419 354 2490 mulier
382 2419 432 2490 ad
461 2419 620 2512 propria
650 2419 880 2489 remcavit²

315 2537 377 2641 (2)
405 2543 457 2614 Iu
494 2544 656 2614 civitate
685 2541 826 2613 Padua
854 2543 1000 2613 mulier
1028 2543 1236 2635 quaedam,
1263 2542 1455 2614 Iticcrnrlo
1477 2541 1653 2627 nominc,

210 2668 365 2738 cunctis
393 2668 548 2738 civibus
576 2667 710 2738 extitit
737 2668 821 2738 fere
851 2673 961 2752 nota3
992 2689 1093 2759 (luae
1125 2665 1270 2760 viginti
1299 2689 1497 2738 annorum
1527 2666 1654 2760 spatio

211 2815 327 2862 crura
367 2814 508 2886 gerens
549 2792 662 2863 arida
704 2792 746 2862 in
789 2796 946 2862 tantum
991 2791 1123 2862 fuerat
1161 2792 1395 2874 deformata,
1428 2795 1471 2863 ut
1509 2791 1656 2864 callosa

210 2917 381 3009 ‹pradam
421 2915 675 3010 copulatione
704 2937 835 3010 genua
863 2916 1013 3008 pectori
1043 2938 1087 2985 ac
1117 2915 1234 3007 pedes
1272 2915 1432 2986 natibus
1470 2915 1655 2986 adhaere·

212 3045 312 3111 rent.
344 3041 457 3111 Haec
486 3063 575 3111 cum
607 3040 671 3110 die
699 3041 870 3133 (predam
910 3039 1182 3110 mendicitatis
1215 3039 1345 3134 gratia
1382 3063 1473 3110 cum
1510 3062 1655 3132 paupe·
1719 3085 1722 3094 ·

210 3165 320 3235 ribus
349 3165 489 3235 ceteris
517 3165 566 3234 ad
599 3164 831 3236 memoriam
862 3163 989 3234 sancti
1019 3163 1142 3256 patris
1171 3163 1398 3234 scamnellis
1427 3169 1541 3234 recta
1570 3185 1654 3256 per-

209 3290 394 3373 venisset,
424 3289 535 3382 gravi
564 3287 748 3381 depressa
775 3309 913 3380 sopore
944 3288 1241 3381 aliquantulum
1271 3289 1515 3359 dormitabat
1543 3289 1655 3358 incli-

212 3421 307 3484 nato
336 3412 464 3506 capite
493 3434 611 3506 super
639 3417 800 3482 terram.
830 3411 924 3504 Ipsa
953 3412 1077 3506 igitur
1104 3412 1160 3506 sic
1189 3419 1381 3505 pausante
1411 3435 1545 3483 rocem
1578 3413 1654 3483 cla-

212 3537 360 3608 mantis
379 3537 558 3608 audivit:
587 3562 605 3603 ‹
627 3533 715 3607 Deo
734 3535 895 3630 gratias,
916 3535 1105 3629 quoniam
1128 3536 1302 3607 liberata·
1318 3546 1388 3607 est.
1413 3563 1429 3596 ³>
1456 3536 1655 3630 Exporge-

212 3665 318 3734 facta
332 3661 504 3755 deniqne
525 3661 670 3732 nmlier
689 3659 865 3752 puellam
882 3660 1111 3752 quamdam,
1128 3683 1229 3753 quae
1249 3660 1412 3754 gibboso
1432 3669 1596 3732 venerat
1616 3667 1656 3732 et

214 3785 454 3858 sanctissimi
474 3785 598 3879 patris
632 3779 788 3881 (f.15’·)
816 3784 970 3855 meritis
999 3785 1162 3856 sanitati
1187 3785 1341 3856 reddita
1369 3785 1508 3856 multis
1536 3787 1655 3856 comi-

213 3910 391 3980 tantibus
411 3908 629 3996 recedebat,
650 3908 814 4000 aspexit.
845 3905 1028 3978 Surrexit
1056 3929 1149 4002 ergo
1178 3907 1335 3998 mulier,
1358 3917 1401 3979 ut
1429 3915 1469 3980 et
1497 3910 1583 4002 ipsa
1607 3909 1655 3981 ad

213 4034 415 4106 tumulum
445 4034 662 4106 curationis
690 4033 820 4127 gratia
847 4033 1053 4121 introiret;
1089 4056 1259 4127 cumque
1288 4034 1441 4105 foribus
1470 4034 1656 4106 ecclcsiae

214 4161 582 4255 appropinquasset,
607 4181 696 4230 ecce
724 4180 823 4253 puer
852 4159 1013 4252 quidam
1044 4159 1247 4252 septennis
1275 4160 1461 4252 apparuit
1490 4182 1657 4253 eamque

215 4287 453 4380 praecedens
488 4285 645 4379 junctis
686 4284 874 4355 manibus
915 4285 964 4356 ad
1008 4284 1219 4356 introitum
1263 4285 1453 4356 invitavit
1494 4285 1655 4357 dicens:

220 4409 382 4496 «Veni,
412 4411 503 4480 veni
542 4410 582 4479 in
623 4409 785 4479 nomine
814 4407 996 4496 Domini,
1026 4408 1121 4501 quia
1149 4407 1335 4479 liberabit
1364 4413 1455 4480 te.»
1489 4407 1568 4480 Illa
1602 4433 1657 4480 se-

215 4557 341 4628 quens
360 4534 528 4627 vestigia
547 4532 818 4627 praecedentis
846 4532 895 4602 ad
916 4531 1038 4603 limen
1069 4533 1255 4604 ecclesiae
1284 4555 1324 4604 se
1353 4535 1547 4606 trahendo
1576 4557 1659 4627 per·

215 4658 339 4746 venit,
369 4658 436 4728 sed
464 4681 553 4728 cum
594 4663 696 4728 esset
733 4657 776 4727 in
813 4656 914 4728 ostio
952 4657 1181 4746 constituta,
1211 4679 1309 4750 puer
1347 4657 1414 4727 ille
1443 4658 1656 4751 disparuit3

323 4973 331 4999 ¹
351 4971 472 5026 Numeri
492 4987 510 5024 a
528 4973 613 5026 nobis
631 4981 702 5025 sunt
721 4973 857 5041 appositi.

322 5061 331 5086 ²
352 5059 424 5130 Leg.
446 5059 479 5125 A,
502 5075 532 5114 n.
555 5062 579 5126 1,
599 5059 675 5114 Boll.
697 5075 727 5113 n.
754 5060 792 5112 la.
