3880 5568
758 367 812 417 on
844 367 971 420 anan
1004 367 1128 420 ituro.
1614 349 1662 422 a?

217 595 389 688 speciem
418 597 709 689 praeferebant.
740 597 918 670 Tandem
948 621 1042 668 vero
1075 599 1139 670 die
1168 599 1288 670 tertia
1316 623 1448 672 corum
1482 601 1664 672 multitu-

216 721 311 791 dine
334 719 472 814 populi
492 721 636 792 emisso
659 723 821 826 vomitu
835 721 1005 794 liberata
1024 723 1177 794 nullam
1199 725 1384 819 deinceps
1418 725 1665 798 infirmitatis

217 845 346 916 dictae
376 845 542 938 pertulit
570 846 808 938 passionem.
933 935 943 954 ·

324 965 386 1068 (3)
414 969 610 1043 l'crrliono
631 969 828 1041 Perusina
847 969 897 1040 ab
916 971 987 1041 ilio
1007 975 1047 1043 et
1069 971 1175 1044 infra
1204 963 1274 1066 p'er
1301 995 1428 1044 annos
1452 975 1661 1046 duodecim

216 1093 420 1164 doloribus
439 1093 609 1186 fatigata
628 1095 670 1166 in
692 1098 864 1178 tantum,
884 1095 990 1188 quod
1010 1117 1263 1190 nequaquam
1285 1100 1441 1189 poterat
1461 1121 1502 1169 se
1517 1087 1663 1192 jurare

216 1239 261 1287 ac
281 1217 434 1288 vicinos
462 1217 696 1289 multotiens
715 1201 957 1290 clarrroribus
976 1221 1218 1308 exturbaret,
1239 1223 1288 1292 ad
1309 1223 1572 1320 sepulchrum
1585 1225 1663 1294 fra-

216 1343 290 1413 tris
320 1340 434 1412 Adae
463 1341 597 1413 triduo
626 1343 799 1435 vigilans
828 1349 943 1414 nocte
972 1344 1093 1415 tertia
1125 1345 1261 1416 taliter
1289 1351 1349 1417 est
1377 1352 1527 1434 curata,
1557 1350 1663 1442 quod

215 1467 322 1537 recte
342 1466 554 1537 ambulans
576 1489 858 1561 usquequaque
877 1468 1025 1552 doloris
1044 1467 1151 1540 soliti
1173 1469 1284 1540 rurllo
1303 1471 1537 1564 grararnine
1557 1495 1664 1543 coar-

217 1593 406 1662 claretur.

323 1709 384 1812 (4)
413 1713 608 1804 Magister
631 1715 834 1809 Philippus
853 1717 1030 1788 dolorem
1062 1717 1212 1789 anchae
1233 1741 1472 1811 perannum
1495 1725 1535 1791 et
1557 1721 1663 1792 ultra

216 1859 422 1933 perpessus
450 1844 642 1932 tempore,
663 1863 741 1934 quo
761 1841 886 1912 frater
914 1841 1044 1913 dictus
1063 1843 1113 1913 ad
1137 1849 1321 1936 paratum
1352 1845 1428 1914 sibi
1457 1846 1661 1916 tumulum

214 1965 422 2036 transferri
460 1965 641 2053 debebat,
671 1965 745 2059 ipsi
784 1965 994 2037 humiliter
1030 1967 1283 2060 supplicavit,
1314 1973 1359 2040 nt
1387 1993 1410 2040 a
1438 1975 1662 2042 memorato

214 2089 350 2161 dolore
371 2113 462 2160 eum
484 2090 793 2162 misericorditer
821 2091 1030 2180 liberarct3
1061 2085 1106 2187 (f.
1129 2088 1245 2191 124¹)
1273 2095 1323 2166 ad
1356 2095 1472 2186 cujus
1505 2096 1663 2166 invoca-

214 2213 366 2286 tionem
396 2214 455 2286 ita
483 2215 689 2286 convaluit
717 2216 757 2285 in
789 2219 1007 2304 momento,
1032 2218 1139 2310 quod
1167 2217 1303 2306 vicini,
1324 2219 1393 2311 qui
1424 2241 1515 2290 eum
1548 2241 1663 2292 nove-

216 2343 321 2428 rant,
352 2340 608 2415 mirarentur.

321 2458 383 2562 (5)
402 2463 627 2534 llutthucuu
649 2464 776 2556 judex
806 2461 1040 2552 Serviensis,
1070 2487 1161 2535 cnm
1192 2465 1298 2537 beati
1328 2465 1486 2539 Nicolai
1520 2469 1663 2540 limina

214 2587 406 2670 visitaret,
427 2591 642 2680 antequam
676 2587 870 2657 llarulum
893 2587 1151 2681 pervenisset,
1172 2591 1282 2660 crus¹
1311 2592 1398 2685 ejus
1418 2599 1458 2663 et
1476 2616 1581 2683 genu
1606 2595 1663 2666 ita

214 2711 422 2796 intmnuit,
443 2712 549 2804 quod
570 2713 654 2782 sine
683 2712 847 2784 alterius
875 2713 1077 2806 adjutorio
1107 2736 1253 2807 equum
1284 2711 1472 2787 scandere
1492 2740 1573 2788 non
1599 2741 1663 2788 va·

212 2835 324 2907 leret.
346 2835 449 2908 (lum
480 2840 614 2906 autem
645 2837 693 2906 ad
714 2837 919 2908 civitatem
949 2837 1216 2930 applicuisset,
1238 2839 1372 2910 dolore
1401 2823 1590 2931 pravatus
1610 2843 1660 2913 ad

213 2959 470 3054 sepulchrum
492 2961 587 3031 dicti
608 2961 744 3031 fratris
765 2961 854 3054 [irc]
876 2984 956 3032 non
977 2963 1212 3054 praevalens
1240 2988 1405 3036 uxorem
1431 2987 1543 3036 suam
1565 2966 1662 3036 illuc

212 3085 300 3156 vice
329 3086 389 3155 sui
419 3107 510 3156 cum
541 3084 657 3156 sociis
685 3085 913 3156 destinarit.
936 3083 996 3157 At
1025 3085 1095 3156 illa
1124 3087 1260 3158 mariti
1290 3111 1424 3180 peram
1456 3111 1574 3183 super
1603 3094 1662 3160 tu-

213 3211 369 3282 mulum
400 3209 599 3280 collocans
628 3211 678 3282 ad
707 3209 926 3304 hospitium
957 3233 1116 3282 reversa
1144 3216 1223 3298 est;
1254 3235 1425 3306 cumque
1454 3236 1558 3305 geno
1584 3215 1662 3286 viri

212 3357 307 3428 pera
336 3335 539 3428 praedicta
568 3335 773 3428 tetigisset,
795 3339 930 3405 tumor
949 3337 1075 3406 cruris
1104 3335 1212 3407 illico
1241 3338 1406 3430 crepuit,
1428 3342 1467 3410 et
1488 3339 1529 3409 in
1550 3340 1663 3412 brari
1755 3417 1764 3433 ,

212 3459 406 3530 liberatus
442 3483 533 3530 cunr
575 3483 695 3531 uxore
729 3465 769 3529 et
797 3459 914 3531 sociis
950 3461 1117 3532 veniens
1145 3463 1194 3532 ad
1223 3462 1479 3556 sepulchrum
1527 3487 1660 3536 coram

212 3583 353 3655 multis
382 3584 634 3656 adstantibus
675 3585 825 3654 factum
857 3583 899 3654 iu
929 3607 970 3655 se
999 3585 1240 3656 miraculum
1270 3586 1320 3657 ad
1350 3585 1427 3657 Dei
1458 3591 1498 3658 et
1526 3587 1663 3663 fratris

212 3709 455 3780 sanctissimi
484 3709 653 3803 gloriam
684 3709 897 3779 enarravit.

320 3829 382 3931 (o)
411 3833 589 3904 Parisino
617 3833 665 3904 de
695 3829 844 3905 Sancta
872 3832 1024 3927 Sophia
1051 3834 1266 3906 medietate
1295 3837 1471 3929 corporis
1501 3838 1662 3930 paralisi

215 3957 413 4030 resolutus
441 3981 484 4030 os
513 3958 686 4029 habebat
722 3958 936 4030 distortum
966 3957 1035 4048 ita,
1064 3959 1170 4052 quod
1208 3982 1352 4032 manus
1390 3962 1477 4054 ejus
1506 3967 1546 4034 et
1574 3963 1661 4054 hra-

212 4082 349 4153 chium
379 4081 541 4154 inutilia
568 4083 849 4176 dependerent,
871 4105 943 4154 nec
971 4083 1057 4154 sine
1085 4083 1250 4156 ulterius
1278 4085 1481 4178 adjutorio
1510 4087 1659 4180 aliqua·

213 4210 330 4278 tenus
358 4229 518 4300 surgere
547 4217 617 4279 aut
645 4209 729 4279 sine
750 4207 892 4280 baculo
912 4211 1069 4301 poterat
1088 4209 1310 4297 ambula1e3
1332 4211 1381 4281 ad
1402 4211 1661 4304 sepulchrum

212 4333 350 4404 fratris
370 4330 486 4403 Adae
506 4331 671 4403 veniens
690 4332 871 4404 oratione
891 4332 1109 4426 praemissa
1127 4331 1262 4404 taliter
1281 4339 1341 4405 est
1360 4341 1533 4424 curatae,
1555 4337 1662 4430 qnod

214 4457 258 4552 (f.
276 4453 394 4555 mlv)
413 4457 563 4528 directo
582 4481 649 4526 ore
670 4457 826 4529 locutus
845 4463 904 4528 est
923 4456 1106 4552 expedite
1126 4460 1166 4528 ct
1185 4481 1318 4530 coram
1340 4459 1483 4531 ricinis
1503 4461 1662 4530 adstan-

212 4582 332 4653 tibus
350 4605 468 4674 super
496 4587 617 4674 caput
645 4605 809 4652 manum
841 4605 932 4652 1111111
963 4581 1126 4654 brachio
1155 4583 1326 4654 elevavit
1345 4589 1385 4654 et
1404 4585 1490 4655 sine
1519 4585 1662 4655 baculo

213 4707 440 4777 ambulavit
467 4706 662 4800 prothum,
693 4729 771 4798 quo
802 4705 973 4778 volebat.

322 5001 331 5030 ¹
352 4999 453 5054 Codex
472 5016 575 5056 «crux
588 5018 614 5054 ».
