3902 5570
272 389 298 460 4
446 439 449 448 ·
791 409 847 460 nu
877 411 909 460 s.
940 409 1134 466 assesso
1166 411 1201 460 1¹.

273 515 1073 588 --.-........-.-..-,”...ι..,·-.-.

270 641 353 712 sint
372 645 546 735 experta.
567 640 631 712 De
652 641 713 712 lris
732 603 923 751 fratribus
952 641 1206 736 colloquendi
1235 643 1432 714 sumimus
1455 643 1463 678 ¹
1492 643 1713 734 exordium,

270 777 441 859 quorum
470 774 592 860 gesta,
612 766 713 875 licet,
723 735 907 877 isileiiori
926 766 1176 838 auctoritatis
1196 767 1373 838 culmine
1391 768 1502 838 fama
1522 769 1715 840 celebrior

268 892 549 986 divulgaverit,
570 881 755 990 miranda
770 887 909 964 iernen
929 893 1144 982 admodum
1164 915 1210 964 ac
1225 893 1301 988 piis
1316 894 1480 966 auribus
1496 897 1713 966 reverenda

271 1021 365 1088 sunt
394 1013 509 1086 valde
537 997 766 1130 ipsd,·.'sqi1ae
796 1037 925 1086 narro.

378 1227 559 1371 „ladit-dp.
588 1265 652 1336 De
681 1264 826 1335 sanrosi
869 1285 996 1357 nuper
1023 1263 1066 1334 in
1096 1263 1242 1335 Italiae
1270 1265 1451 1357 partibus
1492 1265 1608 1338 valde
1636 1265 1713 1337 viri

270 1367 500 1488 sranctiJ·s{dl'.‘
513 1365 724 1462 ’sinuosa
761 1389 897 1460 fratris
935 1388 1060 1460 nostri
1089 1391 1221 1482 gestis,
1251 1390 1401 1482 pariter
1434 1395 1474 1461 et
1507 1391 1714 1462 miraculis

270 1485 630 1626 aaudiili’dcsidero,
661 1514 693 1584 si
723 1535 802 1607 qua
830 1511 949 1584 nosti.

249 1613 587 1735 &Sutia-raros
618 1635 723 1710 Nori
752 1659 896 1730 nempe
924 1639 972 1708 dc
1002 1637 1076 1728 bis,
1097 1659 1198 1732 quae
1218 1639 1406 1730 postulae,
1427 1637 1563 1728 frater,
1585 1637 1712 1709 multa

221 1737 339 1858 ''⁹'pe'r
368 1765 511 1852 risum,
541 1763 608 1834 sed
637 1761 824 1854 pleraque
854 1783 917 1831 me
946 1760 1075 1832 recolo
1103 1759 1181 1832 lide
1200 1761 1332 1854 dignis
1352 1761 1520 1833 testibus
1540 1763 1713 1834 referen-

271 1890 378 1962 tibus
406 1887 604 1958 audivisse
634 1885 681 1979 (f.
711 1881 783 1985 ll).
813 1883 877 1955 De
907 1885 1051 1979 quibus
1079 1891 1185 1956 certe
1204 1907 1341 1978 ,pauca
1369 1887 1565 1978 quaedam
1585 1887 1715 1958 brevi-

270 2013 365 2084 tatis
394 2033 513 2082 causa
531 2010 810 2103 perstringam,
831 2009 863 2079 si
884 2007 1137 2097 benevolum,
1157 2007 1261 2080 sicut
1279 2009 1432 2096 asseris,
1452 2032 1498 2080 ec
1521 2011 1711 2082 devotum

270 2143 309 2210 te
338 2136 527 2230 praebeas
556 2135 792 2206 auditorem.

378 2261 556 2332 lautior.
586 2257 660 2348 Ne,
691 2279 798 2351 roge,
828 2281 892 2329 rue
922 2256 1130 2350 protrahas
1160 2257 1265 2328 ultra
1292 2259 1354 2330 tui
1382 2260 1576 2330 sermonis
1595 2259 1712 2331 initia

269 2386 592 2480 praestolantem,
609 2383 705 2478 quia
719 2383 979 2454 vehementer
998 2381 1163 2453 anhelat
1178 2383 1337 2454 animus
1351 2384 1535 2455 auditum
1551 2389 1717 2479 coeptae·

268 2509 494 2603 (collationis
522 2509 734 2578 accinctus.
1764 2596 1767 2606 ,

377 2633 585 2708 Xaruutor.
615 2631 767 2703 Beatus
794 2631 882 2718 iste,
912 2632 960 2701 de
989 2653 1068 2723 quo
1097 2631 1267 2724 quaeris,
1298 2630 1521 2703 Antonius*
1549 2633 1716 2704 natione

271 2757 507 2852 Hispanus²
535 2755 814 2828 Ulisboncnsis
834 2755 968 2826 extitit
987 2755 1195 2848 municeps
1215 2756 1402 2828 civitatis.
1424 2755 1502 2848 Qui
1523 2757 1711 2828 nobiliori

270 2905 414 2979 genero
442 2882 485 2952 in
514 2881 653 2951 eadem
682 2901 800 2973 quarn
832 2878 1103 2972 praediximus
1131 2879 1293 2950 civitate
1314 2881 1545 2974 progenitus
1574 2882 1624 2952 ab
1649 2881 1713 2952 bis

268 3011 396 3080 fermo
411 3005 621 3077 cunabulis
637 3005 810 3097 quodam
826 3003 1031 3096 praesagio
1046 3003 1275 3074 futurorum
1296 3005 1475 3076 moribus
1494 3006 1712 3076 exornabat

268 3136 456 3204 aetatem.
486 3129 673 3202 Traditus
702 3149 876 3220 namque
905 3127 1047 3198 studiis
1076 3127 1307 3200 liberalibus
1335 3127 1588 3219 imbuendus,
1618 3153 1712 3201 eum

267 3264 398 3328 aetate
423 3257 509 3350 jam
533 3253 662 3326 nubili
683 3251 1027 3324 subcrescentibus
1046 3253 1088 3324 in
1110 3275 1227 3323 carne
1248 3253 1515 3346 corruptionis
1535 3255 1716 3326 motibus.

240 3407 308 3461 ,se
336 3387 494 3475 praeter
521 3380 683 3452 solitum
715 3377 880 3448 sentiret
922 3377 1061 3448 illicite
1091 3377 1306 3470 perurgeri,
1345 3379 1633 3450 adolescentiae
1671 3385 1710 3451 et

268 3506 487 3598 voluptatis
510 3504 608 3598 jura
635 3502 919 3572 transcendens
948 3501 1089 3593 spretis
1118 3501 1343 3573 litterarum
1374 3503 1516 3574 studiis
1549 3505 1600 3575 ad
1628 3527 1710 3575 mo-
1744 3567 1747 3574 .

268 3630 486 3702 nasterium
518 3627 715 3722 quoddam
739 3625 864 3696 sancti
886 3625 1107 3719 Augustini
1137 3626 1267 3698 dictae
1296 3626 1451 3698 civitati
1481 3629 1709 3720 prouimurn

267 3754 497 3826 convolavit
539 3751 800 3844 canonicique
842 3749 1035 3843 regularis
1077 3750 1262 3821 habitum
1306 3751 1451 3822 humili
1498 3753 1711 3824 devotione

222 3962 224 3966 .
268 3879 453 3974 suscepit.
475 3877 556 3950 Ubi
577 3899 668 3948 curn
690 3875 807 3947 annis
835 3897 960 3969 paene
989 3874 1143 3946 duobus
1172 3881 1443 3949 cennnoratus
1461 3871 1507 3975 (f.
1525 3872 1585 3976 4⁰)
1613 3878 1711 3948 ami-

267 4027 406 4076 corum
448 4002 715 4095 frequentiam
760 4005 800 4070 et
842 4007 1053 4093 parentum
1097 4000 1174 4093 piis
1202 4001 1406 4072 mentibus
1434 4002 1708 4094 importunam

268 4129 420 4204 Christi
449 4128 687 4220 tyrunculus
707 4131 925 4214 tolerasset,
947 4125 1079 4198 natale
1100 4126 1242 4217 solum,
1263 4129 1368 4220 quod
1389 4129 1440 4199 ad
1461 4129 1709 4200 enarrandos

267 4255 403 4326 uiriles
418 4254 574 4325 animos
592 4251 776 4323 fomitem
798 4251 1087 4339 subministrat,
1108 4249 1384 4344 derelinquere
1404 4253 1546 4324 statuit
1560 4256 1600 4323 et
1616 4253 1708 4324 ube-

269 4379 383 4450 rioris
403 4399 538 4448 amore
558 4376 704 4472 quietis
723 4377 774 4446 ad
794 4373 1030 4446 coenobium
1051 4379 1210 4445 sanctae
1232 4373 1371 4446 Orucis
1390 4375 1438 4446 de
1459 4374 1707 4446 00111111111113

376 4765 502 4820 ¹·Codex
522 4784 538 4816 <‹
558 4764 648 4819 Nobis
667 4771 765 4818 autem
786 4765 905 4818 interim
934 4764 1011 4818 sicut
1039 4765 1168 4832 expertis
1194 4764 1229 4816 do
1261 4765 1305 4818 bis
1333 4767 1474 4819 tratribus
1502 4767 1709 4836 colloquendis

265 4871 370 4909 sumus
390 4855 543 4909 exordium
565 4873 590 4908 ».

374 4947 382 4971 ³
402 4943 501 4998 Codex
522 4963 536 4994 «
553 4943 689 5012 l'spanus
702 4963 728 4998 ».

375 5034 385 5060 ³
404 5031 502 5086 Codex
523 5051 538 5082 «
553 5031 667 5086 Colibia
681 5051 706 5085 1.
