3880 5568
292 407 342 478 54
596 425 652 476 nn
682 423 854 476 lucianae
884 421 1107 474 nnrmmsm
1138 421 1423 474 nrtissnnursr.

780 563 910 570 ——-.
919 562 1243 570 -.-Ἣ

291 655 451 726 temetsi
480 653 576 724 facti
607 654 810 724 evidentia
847 651 1040 723 claritatis
1078 673 1172 722 suae
1200 651 1288 722 luce
1316 650 1440 722 latere
1475 655 1555 721 n'on
1584 650 1737 760 patitur

291 801 311 847 e
355 777 488 848 vicino
531 776 692 870 positoS,
722 777 832 846 fania
873 774 1047 869 perferat
1088 775 1136 846 ad
1179 777 1365 862 remotos,
1399 778 1559 867 propter
1600 777 1736 844 tamen

292 901 472 972 scintulos
491 900 597 988 fidei,
618 901 686 992 qui
717 903 922 992 perspectu
950 898 1037 969 luce
1066 898 1296 969 caecutiunt
1322 891 1369 995 (f.
1388 892 1484 996 W),
1514 897 1740 968 obruendos

293 1045 420 1117 panca
456 1005 652 1117 quaedam
695 1023 743 1094 de
785 1023 887 1094 silva
928 1021 1215 1093 miraculorum
1258 1021 1344 1114 ejus
1386 1041 1600 1114 excerpens
1642 1019 1737 1090 drrxi

293 1147 568 1241 praesentibus
597 1147 838 1235 adnotanda,
868 1146 1142 1240 delegatorum
1172 1145 1274 1217 sedis
1312 1143 1550 1240 apostolieae
1592 1142 1738 1236 disqui-

293 1270 461 1342 sitorum
487 1281 610 1362 'super
638 1270 701 1340 his
730 1270 897 1340 nomina
924 1269 1045 1340 simul
1074 1276 1114 1340 et
1142 1269 1434 1342 commissionis
1461 1269 1633 1339 formam
1663 1265 1739 1336 sibi

294 1393 465 1464 traditae
495 1393 792 1488 subjungend03
822 1415 923 1487 quae
953 1395 1045 1466 talis
1069 1399 1144 1466 est:

344 1517 348 1530 ’
423 1516 663 1588 inseremus
692 1535 926 1589 urrsoorus
962 1537 1124 1589 suavus
1168 1536 1404 1590 slim-'osum
1432 1516 1533 1588 Dm.
1563 1507 1741 1590 Venera-

295 1641 442 1712 bililms
484 1641 677 1712 fratribus
719 1640 770 1712 N.
815 1641 1075 1712 Urberetano
1110 1647 1150 1712 et
1179 1639 1229 1712 N.
1260 1639 1435 1713 Suauerr.
1465 1631 1741 1734 episcopis'et

294 1765 440 1837 dilecto
469 1763 552 1835 filio
582 1763 631 1835 N.
663 1765 786 1858 priori
814 1765 940 1836 sancti
969 1764 1172 1836 Johannis
1192 1765 1240 1836 de
1255 1763 1404 1836 'Platea
1423 1763 1573 1834 ordinis
1594 1760 1634 1834 S.
1656 1760 1742 1832 Au·

294 1889 447 1983 gostini
477 1887 724 1960 Urbevetaui
753 1887 922 1960 salutem
952 1895 992 1960 ot
1020 1887 1278 1982 apostolicam
1308 1885 1665 1959 benedictionem.¹

403 2011 482 2082 Dei
511 2012 709 2105 sapientia
738 2011 922 2084 Christus
949 2011 1082 2095 Jesus,
1112 2012 1181 2106 qui
1210 2011 1416 2082 ecelesiam
1460 2032 1574 2080 sunm
1603 2008 1741 2080 ineffa-

296 2137 445 2208 bilibus
473 2159 629 2230 semper
657 2141 824 2208 renovat
851 2136 1121 2224 sacramentis,
1143 2141 1187 2208 ut
1207 2135 1368 2207 virtutis
1397 2157 1490 2206 suae
1520 2133 1740 2227 potentiam

297 2260 537 2332 mirabiliter
565 2261 797 2332 inanifestet
825 2265 865 2331 et
893 2260 1033 2332 salutis
1062 2264 1220 2331 nostrae
1244 2282 1411 2340 (eausam,
1433 2258 1743 2330 misericorditer

298 2388 496 2476 operetur,
526 2383 661 2454 fideles
690 2406 792 2470 suos,
818 2405 916 2476 quos
944 2387 1109 2454 coronat
1137 2383 1178 2454 in
1208 2383 1591 2475 coelis,t'1·equenter
1620 2382 1739 2452 etiam

299 2509 469 2580 honorat
498 2509 539 2579 in
568 2508 685 2579 terris
704 2509 754 2580 ad
774 2531 910 2580 eorum
933 2509 1169 2579 memoriam
1189 2509 1303 2602 signa
1321 2508 1472 2580 faciens
1492 2510 1531 2578 ot
1550 2506 1742 2599 prodigis,

300 2657 370 2727 por
389 2656 490 2726 (luae
519 2633 695 2726 pravitas
724 2633 994 2704 confundatur
1027 2632 1225 2704 haeretice
1246 2638 1286 2704 et
1306 2632 1401 2703 fides
1430 2631 1627 2702 catholiea
1652 2653 1743 2702 con-
1847 2635 1852 2642 '

301 2757 493 2828 firmetur.
524 2755 607 2827 Nos
644 2779 738 2850 ergo
767 2778 866 2850 quas
895 2779 1104 2850 possumus
1146 2756 1298 2828 oeterni
1337 2755 1471 2828 Patris
1509 2755 1616 2826 Filio
1653 2777 1744 2848 grn-

299 2881 448 2952 tisrum
478 2881 689 2952 referimus
717 2881 904 2970 actiones,
926 2882 1031 2974 quod
1060 2881 1102 2952 in
1129 2881 1268 2952 diebus
1297 2881 1442 2952 nostris
1471 2881 1520 2950 nd
1549 2879 1742 2950 honorem

300 3013 340 3076 et
358 3004 526 3098 gloriam
557 3005 617 3074 sui
638 3005 813 3076 nominis
832 3009 884 3093 et,
905 3009 951 3075 ut
970 3004 1194 3076 devotionis
1224 3005 1267 3098 (f.
1286 3003 1369 3096 llll)
1390 3004 1577 3074 allectum
1608 3002 1743 3074 multi-

300 3129 420 3223 plicet
448 3131 535 3224 ojus
569 3128 762 3222 sanguine
790 3129 987 3222 pretioso2
1020 3129 1247 3222 redemptis,
1278 3130 1447 3200 innovet
1470 3130 1584 3221 signa
1612 3133 1653 3198 et
1671 3127 1744 3196 mi-

300 3252 443 3324 rabilia
462 3256 645 3345 potenter
673 3253 865 3324 immutat
897 3253 1048 3324 faciens
1078 3253 1168 3324 illos
1196 3275 1400 3324 coruscare
1429 3252 1645 3341 miraculis,
1675 3251 1744 3345 qui

300 3377 419 3448 fidem
459 3377 696 3448 catholicam
735 3377 863 3467 corde,
902 3399 969 3448 ore
997 3381 1037 3448 et
1065 3399 1181 3470 opere
1215 3381 1444 3448 tenuerunt.
1485 3375 1598 3450 Siout
1635 3377 1743 3447 enim

299 3501 436 3572 dilecti
467 3499 539 3572 filii
568 3501 780 3572 consilium
809 3505 850 3572 et
877 3501 1047 3594 poprdus
1085 3501 1367 3574 Urbevetauus
1410 3503 1525 3572 nobis
1562 3501 1643 3572 suis
1683 3499 1745 3572 lit-

301 3625 398 3697 teris
433 3625 688 3714 intimarunt,
721 3625 920 3696 virtutum
954 3623 1157 3696 Dominus
1199 3629 1354 3697 tantam
1398 3625 1486 3718 piae
1530 3625 1746 3696 memoriae

301 3749 419 3820 fratri
438 3747 656 3820 Aminosio
685 3749 733 3820 de
762 3748 900 3822 ordine
928 3749 1131 3820 minorum
1161 3749 1334 3820 fratrum
1363 3749 1534 3820 eontulit
1561 3748 1745 3842 gloriam,

301 3873 408 3968 qnod
450 3876 511 3944 tot
552 3877 591 3942 et
632 3873 756 3944 tantis
798 3877 977 3946 coruscat
1019 3873 1237 3962 miraculis,
1268 3879 1313 3945 ut
1346 3875 1512 3968 dignum
1539 3853 1604 3944 xsit
1640 3873 1748 3944 inter

301 4001 458 4070 sanctos
486 3997 585 4067 alios
605 3997 691 4089 ejus
710 3997 899 4091 suffragia
926 3997 1117 4068 invocari.
1139 3997 1272 4089 Quare
1292 3998 1526 4092 suppliciter
1545 3997 1748 4089 petierunt

302 4145 326 4191 a
354 4120 480 4208 nobis,
512 4124 556 4190 ut
584 4143 701 4214 super
730 4119 805 4208 liis,
835 4143 935 4214 quae
965 4143 1035 4214 per
1064 4123 1195 4214 ipsum
1225 4123 1363 4192 diviua
1392 4123 1516 4215 pietas
1547 4125 1747 4215 operatur,

303 4243 535 4316 testimonia
563 4243 684 4336 recipi
713 4244 946 4315 faceremus.
977 4243 1133 4322 Verum
1163 4245 1259 4338 quia
1288 4243 1363 4341 [in]
1393 4251 1474 4317 tam
1514 4250 1650 4318 saneto
1683 4265 1749 4314 ne-

303 4368 412 4462 gotio
431 4389 514 4440 uon
533 4371 591 4438 est
611 4367 687 4438 nisi
709 4368 943 4439 maturitate
958 4367 1031 4462 [et]
1047 4368 1244 4462 gravitate
1260 4370 1422 4463 praevia
1438 4371 1747 4464 procedendmn,

303 4491 534 4562 discretioni
576 4496 742 4581 vestrae,
772 4493 820 4563 de
848 4515 928 4586 qua
957 4493 998 4563 in
1028 4491 1208 4564 Domino
1237 4494 1424 4566 fiduciam
1454 4496 1630 4590 gerimus
1667 4494 1760 4587 lile?

304 4617 471 4703 niorem,
487 4637 557 4710 per
575 4615 792 4709 apostolica
820 4616 967 4709 scripta
995 4619 1245 4708 mandamus,
1262 4623 1460 4713 quatenus
1479 4620 1616 4692 accitis
1635 4619 1749 4690 vobis

411 4856 516 4914 ²Sunt
534 4860 691 4929 episeopus
711 4859 869 4914 Haincrius
897 4861 1112 4930 UrbevetanuS,
1144 4862 1344 4918 (lolielminus
1372 4861 1536 4918 Suanensis
1564 4861 1685 4934 (Suana)
1714 4879 1751 4917 ac

195 4927 199 4933 ¹
304 4947 383 5017 prior
405 4947 588 5002 Cittodinus:
608 4949 645 5002 cl.
668 4947 761 5016 Fran,
783 4949 802 5002 l.
824 4965 849 5003 c.
872 4965 940 5019 pag.
963 4949 1006 5005 77.

411 5035 420 5062 ²
440 5035 538 5090 Codex
559 5037 683 5106 «spatio
695 5055 721 5091 r.
