<?xml version="1.0" encoding="UTF-8"?>
<!DOCTYPE html PUBLIC "-//W3C//DTD XHTML 1.0 Transitional//EN"
    "http://www.w3.org/TR/xhtml1/DTD/xhtml1-transitional.dtd">
<html xmlns="http://www.w3.org/1999/xhtml" xml:lang="en" lang="en">
 <head>
  <title>
</title>
<meta http-equiv="Content-Type" content="text/html;charset=utf-8" />
  <meta name='ocr-system' content='tesseract 3.04.00' />
  <meta name='ocr-capabilities' content='ocr_page ocr_carea ocr_par ocr_line ocrx_word'/>
</head>
<body>
  <div class='ocr_page' id='page_1' title='image "./dialogusdevitis00lemmgoog_0062.png"; bbox 0 0 3902 5570; ppageno 0'>
   <div class='ocr_carea' id='block_1_1' title="bbox 668 408 1670 478">
    <p class='ocr_par' dir='ltr' id='par_1_1' title="bbox 668 408 1670 478">
     <span class='ocr_line' id='line_1_1' title="bbox 668 408 1670 478; baseline 0.002 -2"><span class='ocrx_word' id='word_1_1' title='bbox 668 426 725 476; x_wconf 86' lang='lat' dir='ltr'>un</span> <span class='ocrx_word' id='word_1_2' title='bbox 755 425 896 476; x_wconf 76' lang='lat' dir='ltr'>mm&#39;ru</span> <span class='ocrx_word' id='word_1_3' title='bbox 930 425 1231 478; x_wconf 75' lang='lat' dir='ltr'>urmuvmuue.</span> <span class='ocrx_word' id='word_1_4' title='bbox 1621 408 1670 478; x_wconf 74' lang='lat'>:31</span> 
     </span>
    </p>
   </div>
   <div class='ocr_carea' id='block_1_2' title="bbox 110 655 1755 4724">
    <p class='ocr_par' dir='ltr' id='par_1_2' title="bbox 110 655 1755 4724">
     <span class='ocr_line' id='line_1_2' title="bbox 227 655 1673 751; baseline 0 -24"><span class='ocrx_word' id='word_1_5' title='bbox 227 658 426 751; x_wconf 79' lang='lat' dir='ltr'>palpebris</span> <span class='ocrx_word' id='word_1_6' title='bbox 464 658 653 729; x_wconf 85' lang='lat' dir='ltr'>revixisse</span> <span class='ocrx_word' id='word_1_7' title='bbox 682 657 868 750; x_wconf 87' lang='lat' dir='ltr'>spiritum</span> <span class='ocrx_word' id='word_1_8' title='bbox 899 655 1145 750; x_wconf 77' lang='lat' dir='ltr'>designabat.</span> <span class='ocrx_word' id='word_1_9' title='bbox 1176 655 1400 730; x_wconf 77' lang='lat' dir='ltr'><strong>Venientes</strong></span> <span class='ocrx_word' id='word_1_10' title='bbox 1437 661 1571 728; x_wconf 87' lang='lat' dir='ltr'>autem</span> <span class='ocrx_word' id='word_1_11' title='bbox 1607 679 1673 751; x_wconf 86' lang='lat' dir='ltr'>pu-</span> 
     </span>
     <span class='ocr_line' id='line_1_3' title="bbox 227 779 1671 875; baseline 0.001 -23"><span class='ocrx_word' id='word_1_12' title='bbox 227 787 358 852; x_wconf 85' lang='lat' dir='ltr'>reutes</span> <span class='ocrx_word' id='word_1_13' title='bbox 387 782 474 874; x_wconf 82' lang='lat' dir='ltr'>ejus</span> <span class='ocrx_word' id='word_1_14' title='bbox 503 788 542 852; x_wconf 90' lang='lat' dir='ltr'>et</span> <span class='ocrx_word' id='word_1_15' title='bbox 569 781 718 870; x_wconf 74' lang='lat' dir='ltr'>audite,</span> <span class='ocrx_word' id='word_1_16' title='bbox 749 781 853 875; x_wconf 86' lang='lat' dir='ltr'><strong>qued</strong></span> <span class='ocrx_word' id='word_1_17' title='bbox 884 780 1117 874; x_wconf 81' lang='lat' dir='ltr'>contigerat,</span> <span class='ocrx_word' id='word_1_18' title='bbox 1148 779 1272 850; x_wconf 90' lang='lat' dir='ltr'>filiam</span> <span class='ocrx_word' id='word_1_19' title='bbox 1303 804 1413 852; x_wconf 81' lang='lat' dir='ltr'>sumn</span> <span class='ocrx_word' id='word_1_20' title='bbox 1434 803 1536 852; x_wconf 85' lang='lat' dir='ltr'>eum</span> <span class='ocrx_word' id='word_1_21' title='bbox 1571 782 1671 852; x_wconf 92' lang='lat' dir='ltr'>mul-</span> 
     </span>
     <span class='ocr_line' id='line_1_4' title="bbox 205 905 1672 998; baseline 0 -22"><span class='ocrx_word' id='word_1_22' title='bbox 205 906 399 977; x_wconf 68' lang='lat' dir='ltr'>litudine</span> <span class='ocrx_word' id='word_1_23' title='bbox 442 905 592 998; x_wconf 85' lang='lat' dir='ltr'>pupuli,</span> <span class='ocrx_word' id='word_1_24' title='bbox 627 906 695 998; x_wconf 94' lang='lat' dir='ltr'>qui</span> <span class='ocrx_word' id='word_1_25' title='bbox 739 909 991 991; x_wconf 56' lang='lat' dir='ltr'>‹rurrvenerat</span> <span class='ocrx_word' id='word_1_26' title='bbox 1030 909 1351 997; x_wconf 85' lang='lat' dir='ltr'>assumpserunt3</span> <span class='ocrx_word' id='word_1_27' title='bbox 1396 911 1434 976; x_wconf 90' lang='lat' dir='ltr'>et</span> <span class='ocrx_word' id='word_1_28' title='bbox 1478 905 1672 976; x_wconf 72' lang='lat' dir='ltr'><strong>intrantes.</strong></span> 
     </span>
     <span class='ocr_line' id='line_1_5' title="bbox 227 1027 1673 1122; baseline -0.001 -23"><span class='ocrx_word' id='word_1_29' title='bbox 227 1027 444 1100; x_wconf 87' lang='lat' dir='ltr'>Cernetum</span> <span class='ocrx_word' id='word_1_30' title='bbox 468 1027 557 1098; x_wconf 88' lang='lat' dir='ltr'>Dee</span> <span class='ocrx_word' id='word_1_31' title='bbox 577 1031 615 1098; x_wconf 91' lang='lat' dir='ltr'>et</span> <span class='ocrx_word' id='word_1_32' title='bbox 636 1027 752 1100; x_wconf 83' lang='lat' dir='ltr'>fratri</span> <span class='ocrx_word' id='word_1_33' title='bbox 773 1027 1037 1098; x_wconf 85' lang='lat' dir='ltr'>Benevenute</span> <span class='ocrx_word' id='word_1_34' title='bbox 1058 1049 1176 1120; x_wconf 88' lang='lat' dir='ltr'>super</span> <span class='ocrx_word' id='word_1_35' title='bbox 1196 1029 1302 1099; x_wconf 85' lang='lat' dir='ltr'>farte</span> <span class='ocrx_word' id='word_1_36' title='bbox 1321 1027 1516 1098; x_wconf 89' lang='lat' dir='ltr'>miraeule</span> <span class='ocrx_word' id='word_1_37' title='bbox 1532 1027 1673 1122; x_wconf 80' lang='lat' dir='ltr'>dignas</span> 
     </span>
     <span class='ocr_line' id='line_1_6' title="bbox 110 1151 1672 1246; baseline 0.001 -25"><span class='ocrx_word' id='word_1_38' title='bbox 110 1163 116 1174; x_wconf 92' lang='lat'>&#39;</span> <span class='ocrx_word' id='word_1_39' title='bbox 225 1155 358 1245; x_wconf 72' lang='lat' dir='ltr'>grates</span> <span class='ocrx_word' id='word_1_40' title='bbox 378 1152 667 1246; x_wconf 79' lang='lat' dir='ltr'>persolverunt.</span> <span class='ocrx_word' id='word_1_41' title='bbox 685 1151 791 1243; x_wconf 79' lang='lat' dir='ltr'>Quia</span> <span class='ocrx_word' id='word_1_42' title='bbox 811 1173 904 1222; x_wconf 86' lang='lat' dir='ltr'>vere</span> <span class='ocrx_word' id='word_1_43' title='bbox 920 1154 965 1222; x_wconf 96' lang='lat' dir='ltr'>ut</span> <span class='ocrx_word' id='word_1_44' title='bbox 984 1152 993 1186; x_wconf 82' lang='lat'>¹</span> <span class='ocrx_word' id='word_1_45' title='bbox 1017 1151 1134 1244; x_wconf 88' lang='lat' dir='ltr'><strong>plene</strong></span> <span class='ocrx_word' id='word_1_46' title='bbox 1149 1151 1286 1222; x_wconf 85' lang='lat' dir='ltr'>vivida</span> <span class='ocrx_word' id='word_1_47' title='bbox 1301 1153 1434 1245; x_wconf 88' lang='lat' dir='ltr'>puella</span> <span class='ocrx_word' id='word_1_48' title='bbox 1449 1153 1672 1223; x_wconf 80' lang='lat' dir='ltr'>contuenti-</span> 
     </span>
     <span class='ocr_line' id='line_1_7' title="bbox 225 1275 1672 1368; baseline 0.001 -24"><span class='ocrx_word' id='word_1_49' title='bbox 225 1277 299 1346; x_wconf 87' lang='lat' dir='ltr'>bus</span> <span class='ocrx_word' id='word_1_50' title='bbox 318 1298 400 1346; x_wconf 89' lang='lat' dir='ltr'>nen</span> <span class='ocrx_word' id='word_1_51' title='bbox 430 1276 657 1368; x_wconf 76' lang='lat' dir='ltr'>apparebat,</span> <span class='ocrx_word' id='word_1_52' title='bbox 688 1279 781 1346; x_wconf 87' lang='lat' dir='ltr'>ante</span> <span class='ocrx_word' id='word_1_53' title='bbox 810 1275 1012 1346; x_wconf 88' lang='lat' dir='ltr'>tumulum</span> <span class='ocrx_word' id='word_1_54' title='bbox 1045 1275 1143 1346; x_wconf 89' lang='lat' dir='ltr'>dieti</span> <span class='ocrx_word' id='word_1_55' title='bbox 1172 1275 1309 1346; x_wconf 82' lang='lat' dir='ltr'>fratris</span> <span class='ocrx_word' id='word_1_56' title='bbox 1329 1281 1548 1347; x_wconf 77' lang='lat' dir='ltr'><strong>statuentes</strong></span> <span class='ocrx_word' id='word_1_57' title='bbox 1568 1299 1672 1346; x_wconf 86' lang='lat' dir='ltr'>eam-</span> 
     </span>
     <span class='ocr_line' id='line_1_8' title="bbox 225 1399 1672 1493; baseline 0.001 -24"><span class='ocrx_word' id='word_1_58' title='bbox 225 1401 329 1487; x_wconf 82' lang='lat' dir='ltr'>dem,</span> <span class='ocrx_word' id='word_1_59' title='bbox 351 1423 441 1470; x_wconf 89' lang='lat' dir='ltr'>eum</span> <span class='ocrx_word' id='word_1_60' title='bbox 459 1399 606 1470; x_wconf 86' lang='lat' dir='ltr'>ibidem</span> <span class='ocrx_word' id='word_1_61' title='bbox 625 1400 921 1493; x_wconf 90' lang='lat' dir='ltr'>aliquantulum</span> <span class='ocrx_word' id='word_1_62' title='bbox 939 1405 1187 1471; x_wconf 80' lang='lat' dir='ltr'>aermnerata</span> <span class='ocrx_word' id='word_1_63' title='bbox 1202 1401 1356 1486; x_wconf 83' lang='lat' dir='ltr'>fuisset,</span> <span class='ocrx_word' id='word_1_64' title='bbox 1374 1401 1498 1493; x_wconf 86' lang='lat' dir='ltr'>ipsius</span> <span class='ocrx_word' id='word_1_65' title='bbox 1518 1400 1672 1472; x_wconf 88' lang='lat' dir='ltr'>meritis</span> 
     </span>
     <span class='ocr_line' id='line_1_9' title="bbox 225 1523 1672 1618; baseline 0.003 -26"><span class='ocrx_word' id='word_1_66' title='bbox 225 1523 536 1596; x_wconf 75' lang='lat' dir='ltr'>vivificationem</span> <span class='ocrx_word' id='word_1_67' title='bbox 568 1524 789 1618; x_wconf 83' lang='lat' dir='ltr'>plenariam</span> <span class='ocrx_word' id='word_1_68' title='bbox 819 1529 998 1596; x_wconf 84' lang='lat' dir='ltr'>assecuta</span> <span class='ocrx_word' id='word_1_69' title='bbox 1031 1525 1187 1596; x_wconf 84' lang='lat' dir='ltr'>eunetis</span> <span class='ocrx_word' id='word_1_70' title='bbox 1207 1525 1436 1596; x_wconf 84' lang='lat' dir='ltr'>videntibus</span> <span class='ocrx_word' id='word_1_71' title='bbox 1455 1547 1524 1618; x_wconf 91' lang='lat' dir='ltr'>per</span> <span class='ocrx_word' id='word_1_72' title='bbox 1553 1525 1672 1596; x_wconf 84' lang='lat' dir='ltr'>erele-</span> 
     </span>
     <span class='ocr_line' id='line_1_10' title="bbox 224 1647 1668 1742; baseline 0 -22"><span class='ocrx_word' id='word_1_73' title='bbox 224 1647 325 1720; x_wconf 87' lang='lat' dir='ltr'>siam</span> <span class='ocrx_word' id='word_1_74' title='bbox 355 1648 589 1732; x_wconf 81' lang='lat' dir='ltr'>ambulavit,</span> <span class='ocrx_word' id='word_1_75' title='bbox 620 1653 660 1719; x_wconf 91' lang='lat' dir='ltr'>et</span> <span class='ocrx_word' id='word_1_76' title='bbox 688 1649 973 1720; x_wconf 75' lang='lat' dir='ltr'>comitantibus</span> <span class='ocrx_word' id='word_1_77' title='bbox 1011 1671 1096 1720; x_wconf 86' lang='lat' dir='ltr'>eam</span> <span class='ocrx_word' id='word_1_78' title='bbox 1139 1649 1277 1720; x_wconf 88' lang='lat' dir='ltr'>multis</span> <span class='ocrx_word' id='word_1_79' title='bbox 1306 1651 1354 1720; x_wconf 89' lang='lat' dir='ltr'>ad</span> <span class='ocrx_word' id='word_1_80' title='bbox 1385 1650 1544 1742; x_wconf 82' lang='lat' dir='ltr'>propria</span> <span class='ocrx_word' id='word_1_81' title='bbox 1579 1673 1668 1720; x_wconf 81' lang='lat' dir='ltr'>eum</span> 
     </span>
     <span class='ocr_line' id='line_1_11' title="bbox 225 1771 718 1864; baseline 0.008 -26"><span class='ocrx_word' id='word_1_82' title='bbox 225 1771 459 1864; x_wconf 86' lang='lat' dir='ltr'>parentibus</span> <span class='ocrx_word' id='word_1_83' title='bbox 488 1771 718 1843; x_wconf 80' lang='lat' dir='ltr'>remeavit²</span> 
     </span>
     <span class='ocr_line' id='line_1_12' title="bbox 332 1893 1669 1989; baseline 0.001 -25"><span class='ocrx_word' id='word_1_84' title='bbox 332 1893 389 1988; x_wconf 76' lang='lat'>(2)</span> <span class='ocrx_word' id='word_1_85' title='bbox 411 1893 531 1965; x_wconf 77' lang='lat' dir='ltr'>Alius</span> <span class='ocrx_word' id='word_1_86' title='bbox 551 1917 709 1989; x_wconf 88' lang='lat' dir='ltr'>queque</span> <span class='ocrx_word' id='word_1_87' title='bbox 739 1895 866 1978; x_wconf 80' lang='lat' dir='ltr'>milae,</span> <span class='ocrx_word' id='word_1_88' title='bbox 904 1895 1066 1965; x_wconf 73' lang='lat' dir='ltr'>&#39;tirellus</span> <span class='ocrx_word' id='word_1_89' title='bbox 1097 1897 1271 1984; x_wconf 86' lang='lat' dir='ltr'>nemine,</span> <span class='ocrx_word' id='word_1_90' title='bbox 1293 1897 1341 1967; x_wconf 91' lang='lat' dir='ltr'>de</span> <span class='ocrx_word' id='word_1_91' title='bbox 1362 1897 1557 1984; x_wconf 76' lang='lat' dir='ltr'>borneto,</span> <span class='ocrx_word' id='word_1_92' title='bbox 1578 1920 1669 1968; x_wconf 86' lang='lat' dir='ltr'>eum</span> 
     </span>
     <span class='ocr_line' id='line_1_13' title="bbox 225 2019 1668 2113; baseline 0.001 -25"><span class='ocrx_word' id='word_1_93' title='bbox 225 2039 288 2088; x_wconf 87' lang='lat' dir='ltr'>vu</span> <span class='ocrx_word' id='word_1_94' title='bbox 318 2020 365 2089; x_wconf 89' lang='lat' dir='ltr'>de</span> <span class='ocrx_word' id='word_1_95' title='bbox 405 2042 526 2090; x_wconf 80' lang='lat' dir='ltr'>uxore</span> <span class='ocrx_word' id='word_1_96' title='bbox 564 2019 666 2090; x_wconf 86' lang='lat' dir='ltr'>tilius</span> <span class='ocrx_word' id='word_1_97' title='bbox 704 2019 950 2112; x_wconf 80' lang='lat' dir='ltr'>suscepisset,</span> <span class='ocrx_word' id='word_1_98' title='bbox 980 2019 1242 2090; x_wconf 77' lang='lat' dir='ltr'>masculinam</span> <span class='ocrx_word' id='word_1_99' title='bbox 1284 2021 1357 2091; x_wconf 91' lang='lat' dir='ltr'>sibi</span> <span class='ocrx_word' id='word_1_100' title='bbox 1397 2021 1548 2113; x_wconf 87' lang='lat' dir='ltr'>prolem</span> <span class='ocrx_word' id='word_1_101' title='bbox 1587 2025 1668 2091; x_wconf 86' lang='lat' dir='ltr'>tam</span> 
     </span>
     <span class='ocr_line' id='line_1_14' title="bbox 223 2143 1672 2238; baseline 0.003 -27"><span class='ocrx_word' id='word_1_102' title='bbox 223 2143 286 2213; x_wconf 88' lang='lat' dir='ltr'>vir</span> <span class='ocrx_word' id='word_1_103' title='bbox 314 2166 434 2236; x_wconf 91' lang='lat' dir='ltr'>quam</span> <span class='ocrx_word' id='word_1_104' title='bbox 475 2143 620 2214; x_wconf 89' lang='lat' dir='ltr'>mulier</span> <span class='ocrx_word' id='word_1_105' title='bbox 657 2167 680 2214; x_wconf 92' lang='lat' dir='ltr'>a</span> <span class='ocrx_word' id='word_1_106' title='bbox 716 2145 840 2214; x_wconf 87' lang='lat' dir='ltr'>fratre</span> <span class='ocrx_word' id='word_1_107' title='bbox 870 2143 1133 2214; x_wconf 85' lang='lat' dir='ltr'>Benevenute</span> <span class='ocrx_word' id='word_1_108' title='bbox 1162 2145 1248 2214; x_wconf 86' lang='lat' dir='ltr'>dari</span> <span class='ocrx_word' id='word_1_109' title='bbox 1278 2145 1512 2238; x_wconf 81' lang='lat' dir='ltr'>suppliciter</span> <span class='ocrx_word' id='word_1_110' title='bbox 1541 2149 1672 2238; x_wconf 86' lang='lat' dir='ltr'>pestu-</span> 
     </span>
     <span class='ocr_line' id='line_1_15' title="bbox 224 2267 1670 2363; baseline 0.003 -26"><span class='ocrx_word' id='word_1_111' title='bbox 224 2267 363 2338; x_wconf 85' lang='lat' dir='ltr'>labant</span> <span class='ocrx_word' id='word_1_112' title='bbox 392 2269 683 2360; x_wconf 83' lang='lat' dir='ltr'>premittentes,</span> <span class='ocrx_word' id='word_1_113' title='bbox 713 2269 817 2362; x_wconf 87' lang='lat' dir='ltr'>quud</span> <span class='ocrx_word' id='word_1_114' title='bbox 848 2274 942 2339; x_wconf 87' lang='lat' dir='ltr'>nate</span> <span class='ocrx_word' id='word_1_115' title='bbox 972 2267 1055 2340; x_wconf 86' lang='lat' dir='ltr'>tiliu</span> <span class='ocrx_word' id='word_1_116' title='bbox 1083 2291 1231 2340; x_wconf 90' lang='lat' dir='ltr'>nemen</span> <span class='ocrx_word' id='word_1_117' title='bbox 1274 2269 1362 2360; x_wconf 78' lang='lat' dir='ltr'>ejrm</span> <span class='ocrx_word' id='word_1_118' title='bbox 1404 2271 1670 2363; x_wconf 76' lang='lat' dir='ltr'>imponerent,</span> 
     </span>
     <span class='ocr_line' id='line_1_16' title="bbox 224 2391 1671 2486; baseline 0.001 -22"><span class='ocrx_word' id='word_1_119' title='bbox 224 2391 257 2464; x_wconf 85' lang='lat' dir='ltr'>si</span> <span class='ocrx_word' id='word_1_120' title='bbox 278 2414 414 2462; x_wconf 87' lang='lat' dir='ltr'>eurum</span> <span class='ocrx_word' id='word_1_121' title='bbox 437 2392 675 2463; x_wconf 88' lang='lat' dir='ltr'>desiderium</span> <span class='ocrx_word' id='word_1_122' title='bbox 708 2391 1015 2463; x_wconf 84' lang='lat' dir='ltr'>nriserirerditer</span> <span class='ocrx_word' id='word_1_123' title='bbox 1043 2392 1292 2485; x_wconf 79' lang='lat' dir='ltr'>adimpleret.</span> <span class='ocrx_word' id='word_1_124' title='bbox 1320 2391 1555 2486; x_wconf 79' lang='lat' dir='ltr'>Suseeptum</span> <span class='ocrx_word' id='word_1_125' title='bbox 1578 2417 1671 2486; x_wconf 68' lang='lat' dir='ltr'>erue</span> 
     </span>
     <span class='ocr_line' id='line_1_17' title="bbox 225 2515 1671 2608; baseline 0.003 -23"><span class='ocrx_word' id='word_1_126' title='bbox 225 2515 353 2586; x_wconf 90' lang='lat' dir='ltr'>lilium</span> <span class='ocrx_word' id='word_1_127' title='bbox 385 2515 692 2588; x_wconf 87' lang='lat' dir='ltr'>Benevenutum</span> <span class='ocrx_word' id='word_1_128' title='bbox 723 2517 904 2605; x_wconf 85' lang='lat' dir='ltr'>minime,</span> <span class='ocrx_word' id='word_1_129' title='bbox 921 2517 1024 2588; x_wconf 91' lang='lat' dir='ltr'>sieut</span> <span class='ocrx_word' id='word_1_130' title='bbox 1052 2524 1256 2606; x_wconf 83' lang='lat' dir='ltr'>voverant,</span> <span class='ocrx_word' id='word_1_131' title='bbox 1274 2519 1548 2608; x_wconf 80' lang='lat' dir='ltr'>nominarunt,</span> <span class='ocrx_word' id='word_1_132' title='bbox 1566 2521 1671 2594; x_wconf 91' lang='lat' dir='ltr'>unde</span> 
     </span>
     <span class='ocr_line' id='line_1_18' title="bbox 225 2639 1670 2737; baseline 0.003 -27"><span class='ocrx_word' id='word_1_133' title='bbox 225 2639 382 2726; x_wconf 73' lang='lat' dir='ltr'>accidit,</span> <span class='ocrx_word' id='word_1_134' title='bbox 421 2641 523 2712; x_wconf 82' lang='lat' dir='ltr'>sieut</span> <span class='ocrx_word' id='word_1_135' title='bbox 560 2643 739 2728; x_wconf 77' lang='lat' dir='ltr'>eredunt,</span> <span class='ocrx_word' id='word_1_136' title='bbox 769 2643 874 2735; x_wconf 87' lang='lat' dir='ltr'>qued</span> <span class='ocrx_word' id='word_1_137' title='bbox 914 2643 1017 2712; x_wconf 90' lang='lat' dir='ltr'>idem</span> <span class='ocrx_word' id='word_1_138' title='bbox 1058 2641 1248 2734; x_wconf 86' lang='lat' dir='ltr'>parvulus</span> <span class='ocrx_word' id='word_1_139' title='bbox 1290 2642 1490 2714; x_wconf 88' lang='lat' dir='ltr'>seabiesus</span> <span class='ocrx_word' id='word_1_140' title='bbox 1520 2644 1563 2736; x_wconf 85' lang='lat' dir='ltr'>(f.</span> <span class='ocrx_word' id='word_1_141' title='bbox 1581 2641 1670 2737; x_wconf 79' lang='grc'>41”)</span> 
     </span>
     <span class='ocr_line' id='line_1_19' title="bbox 223 2765 1672 2862; baseline 0.004 -28"><span class='ocrx_word' id='word_1_142' title='bbox 223 2765 386 2835; x_wconf 85' lang='lat' dir='ltr'>effeetus</span> <span class='ocrx_word' id='word_1_143' title='bbox 411 2765 475 2848; x_wconf 84' lang='lat' dir='ltr'>sit,</span> <span class='ocrx_word' id='word_1_144' title='bbox 496 2771 536 2836; x_wconf 90' lang='lat' dir='ltr'>et</span> <span class='ocrx_word' id='word_1_145' title='bbox 563 2789 632 2858; x_wconf 92' lang='lat' dir='ltr'>per</span> <span class='ocrx_word' id='word_1_146' title='bbox 660 2770 791 2837; x_wconf 86' lang='lat' dir='ltr'>tetum</span> <span class='ocrx_word' id='word_1_147' title='bbox 821 2789 963 2860; x_wconf 81' lang='lat' dir='ltr'>eorpus</span> <span class='ocrx_word' id='word_1_148' title='bbox 992 2767 1081 2861; x_wconf 82' lang='lat' dir='ltr'>ejus</span> <span class='ocrx_word' id='word_1_149' title='bbox 1110 2766 1320 2838; x_wconf 81' lang='lat' dir='ltr'>horribiles</span> <span class='ocrx_word' id='word_1_150' title='bbox 1344 2767 1525 2860; x_wconf 90' lang='lat' dir='ltr'>pustulae</span> <span class='ocrx_word' id='word_1_151' title='bbox 1554 2791 1672 2862; x_wconf 89' lang='lat' dir='ltr'>appa-</span> 
     </span>
     <span class='ocr_line' id='line_1_20' title="bbox 225 2891 1670 2985; baseline 0.004 -28"><span class='ocrx_word' id='word_1_152' title='bbox 225 2893 369 2976; x_wconf 83' lang='lat' dir='ltr'>rerent,</span> <span class='ocrx_word' id='word_1_153' title='bbox 390 2894 550 2982; x_wconf 88' lang='lat' dir='ltr'>prepter</span> <span class='ocrx_word' id='word_1_154' title='bbox 571 2891 675 2982; x_wconf 71' lang='lat' dir='ltr'>(quud</span> <span class='ocrx_word' id='word_1_155' title='bbox 695 2891 769 2982; x_wconf 88' lang='lat' dir='ltr'>ipsi</span> <span class='ocrx_word' id='word_1_156' title='bbox 790 2891 982 2984; x_wconf 78' lang='lat' dir='ltr'>conjuges</span> <span class='ocrx_word' id='word_1_157' title='bbox 1002 2891 1242 2962; x_wconf 76' lang='lat' dir='ltr'>verecundia</span> <span class='ocrx_word' id='word_1_158' title='bbox 1262 2892 1470 2962; x_wconf 81' lang='lat' dir='ltr'>aetimare</span> <span class='ocrx_word' id='word_1_159' title='bbox 1499 2893 1670 2985; x_wconf 89' lang='lat' dir='ltr'>pereulsi</span> 
     </span>
     <span class='ocr_line' id='line_1_21' title="bbox 224 3012 1670 3110; baseline 0.003 -28"><span class='ocrx_word' id='word_1_160' title='bbox 224 3012 469 3083; x_wconf 87' lang='lat' dir='ltr'>distulerunt</span> <span class='ocrx_word' id='word_1_161' title='bbox 487 3035 656 3106; x_wconf 90' lang='lat' dir='ltr'>puerum</span> <span class='ocrx_word' id='word_1_162' title='bbox 677 3014 892 3106; x_wconf 74' lang='lat' dir='ltr'>baptizare.</span> <span class='ocrx_word' id='word_1_163' title='bbox 911 3014 1055 3107; x_wconf 69' lang='lat' dir='ltr'>Sieque</span> <span class='ocrx_word' id='word_1_164' title='bbox 1076 3016 1198 3085; x_wconf 88' lang='lat' dir='ltr'>trium</span> <span class='ocrx_word' id='word_1_165' title='bbox 1216 3016 1299 3086; x_wconf 90' lang='lat' dir='ltr'>fere</span> <span class='ocrx_word' id='word_1_166' title='bbox 1320 3017 1518 3087; x_wconf 91' lang='lat' dir='ltr'>mensium</span> <span class='ocrx_word' id='word_1_167' title='bbox 1541 3017 1670 3110; x_wconf 84' lang='lat' dir='ltr'>spatie</span> 
     </span>
     <span class='ocr_line' id='line_1_22' title="bbox 223 3135 1670 3232; baseline 0.006 -28"><span class='ocrx_word' id='word_1_168' title='bbox 223 3135 458 3206; x_wconf 85' lang='lat' dir='ltr'>deeurrente</span> <span class='ocrx_word' id='word_1_169' title='bbox 487 3143 603 3206; x_wconf 80' lang='lat' dir='ltr'>uerte</span> <span class='ocrx_word' id='word_1_170' title='bbox 633 3137 803 3228; x_wconf 89' lang='lat' dir='ltr'>quadam</span> <span class='ocrx_word' id='word_1_171' title='bbox 835 3137 985 3208; x_wconf 84' lang='lat' dir='ltr'>velens</span> <span class='ocrx_word' id='word_1_172' title='bbox 1006 3145 1134 3209; x_wconf 88' lang='lat' dir='ltr'>mater</span> <span class='ocrx_word' id='word_1_173' title='bbox 1163 3139 1309 3210; x_wconf 85' lang='lat' dir='ltr'>laetare</span> <span class='ocrx_word' id='word_1_174' title='bbox 1339 3163 1505 3232; x_wconf 91' lang='lat' dir='ltr'>puerum</span> <span class='ocrx_word' id='word_1_175' title='bbox 1546 3165 1570 3211; x_wconf 93' lang='lat' dir='ltr'>a</span> <span class='ocrx_word' id='word_1_176' title='bbox 1606 3165 1670 3214; x_wconf 83' lang='lat' dir='ltr'>eu-</span> 
     </span>
     <span class='ocr_line' id='line_1_23' title="bbox 225 3257 1670 3357; baseline 0.005 -30"><span class='ocrx_word' id='word_1_177' title='bbox 225 3257 382 3330; x_wconf 88' lang='lat' dir='ltr'>nabulis</span> <span class='ocrx_word' id='word_1_178' title='bbox 412 3259 560 3330; x_wconf 87' lang='lat' dir='ltr'>levavit</span> <span class='ocrx_word' id='word_1_179' title='bbox 589 3261 787 3344; x_wconf 78' lang='lat' dir='ltr'>emridem,</span> <span class='ocrx_word' id='word_1_180' title='bbox 809 3264 848 3332; x_wconf 88' lang='lat' dir='ltr'>et</span> <span class='ocrx_word' id='word_1_181' title='bbox 868 3261 1059 3332; x_wconf 87' lang='lat' dir='ltr'>laetatum</span> <span class='ocrx_word' id='word_1_182' title='bbox 1087 3262 1354 3357; x_wconf 82' lang='lat' dir='ltr'>liliumjuxta</span> <span class='ocrx_word' id='word_1_183' title='bbox 1382 3287 1423 3335; x_wconf 90' lang='lat' dir='ltr'>se</span> <span class='ocrx_word' id='word_1_184' title='bbox 1452 3265 1493 3335; x_wconf 95' lang='lat' dir='ltr'>in</span> <span class='ocrx_word' id='word_1_185' title='bbox 1523 3265 1670 3336; x_wconf 84' lang='lat' dir='ltr'>leetulu</span> 
     </span>
     <span class='ocr_line' id='line_1_24' title="bbox 224 3381 1671 3483; baseline 0.006 -31"><span class='ocrx_word' id='word_1_186' title='bbox 224 3381 445 3454; x_wconf 81' lang='lat' dir='ltr'>collocavit.</span> <span class='ocrx_word' id='word_1_187' title='bbox 464 3383 646 3478; x_wconf 80' lang='lat' dir='ltr'>Cumque</span> <span class='ocrx_word' id='word_1_188' title='bbox 666 3385 874 3478; x_wconf 85' lang='lat' dir='ltr'>paululum</span> <span class='ocrx_word' id='word_1_189' title='bbox 896 3386 1171 3472; x_wconf 80' lang='lat' dir='ltr'>obdormisset,</span> <span class='ocrx_word' id='word_1_190' title='bbox 1192 3389 1386 3482; x_wconf 77' lang='lat' dir='ltr'>evigilans</span> <span class='ocrx_word' id='word_1_191' title='bbox 1406 3390 1538 3461; x_wconf 90' lang='lat' dir='ltr'>subite</span> <span class='ocrx_word' id='word_1_192' title='bbox 1558 3395 1671 3483; x_wconf 87' lang='lat' dir='ltr'>pater</span> 
     </span>
     <span class='ocr_line' id='line_1_25' title="bbox 222 3507 1755 3607; baseline 0.005 -29"><span class='ocrx_word' id='word_1_193' title='bbox 222 3507 311 3598; x_wconf 88' lang='lat' dir='ltr'>ejus</span> <span class='ocrx_word' id='word_1_194' title='bbox 340 3509 493 3600; x_wconf 84' lang='lat' dir='ltr'>aspexit</span> <span class='ocrx_word' id='word_1_195' title='bbox 521 3531 680 3596; x_wconf 78' lang='lat' dir='ltr'>ennam,</span> <span class='ocrx_word' id='word_1_196' title='bbox 710 3515 750 3580; x_wconf 91' lang='lat' dir='ltr'>et</span> <span class='ocrx_word' id='word_1_197' title='bbox 778 3533 856 3580; x_wconf 87' lang='lat' dir='ltr'>neu</span> <span class='ocrx_word' id='word_1_198' title='bbox 888 3512 974 3582; x_wconf 89' lang='lat' dir='ltr'>vise</span> <span class='ocrx_word' id='word_1_199' title='bbox 1004 3511 1088 3582; x_wconf 86' lang='lat' dir='ltr'>tilie</span> <span class='ocrx_word' id='word_1_200' title='bbox 1116 3515 1362 3605; x_wconf 79' lang='lat' dir='ltr'>stupefactus</span> <span class='ocrx_word' id='word_1_201' title='bbox 1404 3515 1535 3607; x_wconf 89' lang='lat' dir='ltr'>euepit</span> <span class='ocrx_word' id='word_1_202' title='bbox 1577 3537 1668 3586; x_wconf 91' lang='lat' dir='ltr'>eum</span> <span class='ocrx_word' id='word_1_203' title='bbox 1753 3579 1755 3585; x_wconf 91' lang='lat'><em>.</em></span> 
     </span>
     <span class='ocr_line' id='line_1_26' title="bbox 223 3633 1669 3730; baseline 0.007 -29"><span class='ocrx_word' id='word_1_204' title='bbox 223 3654 412 3724; x_wconf 84' lang='lat' dir='ltr'>quaerere</span> <span class='ocrx_word' id='word_1_205' title='bbox 441 3634 490 3704; x_wconf 87' lang='lat' dir='ltr'>ad</span> <span class='ocrx_word' id='word_1_206' title='bbox 520 3633 625 3704; x_wconf 89' lang='lat' dir='ltr'>latus</span> <span class='ocrx_word' id='word_1_207' title='bbox 666 3634 849 3728; x_wconf 80' lang='lat' dir='ltr'>eonjugis</span> <span class='ocrx_word' id='word_1_208' title='bbox 877 3635 1133 3722; x_wconf 79' lang='lat' dir='ltr'>dormientis3</span> <span class='ocrx_word' id='word_1_209' title='bbox 1177 3659 1256 3730; x_wconf 72' lang='lat' dir='ltr'>&lt;que</span> <span class='ocrx_word' id='word_1_210' title='bbox 1300 3660 1379 3708; x_wconf 90' lang='lat' dir='ltr'>nen</span> <span class='ocrx_word' id='word_1_211' title='bbox 1424 3639 1588 3710; x_wconf 89' lang='lat' dir='ltr'>invente</span> <span class='ocrx_word' id='word_1_212' title='bbox 1621 3641 1669 3712; x_wconf 90' lang='lat' dir='ltr'>de</span> 
     </span>
     <span class='ocr_line' id='line_1_27' title="bbox 158 3755 1666 3860; baseline 0.007 -37"><span class='ocrx_word' id='word_1_213' title='bbox 158 3769 162 3776; x_wconf 83' lang='lat'>&#39;</span> <span class='ocrx_word' id='word_1_214' title='bbox 223 3755 324 3826; x_wconf 71' lang='lat' dir='ltr'>lente</span> <span class='ocrx_word' id='word_1_215' title='bbox 353 3757 594 3828; x_wconf 74' lang='lat' dir='ltr'>descendens</span> <span class='ocrx_word' id='word_1_216' title='bbox 623 3759 861 3830; x_wconf 83' lang='lat' dir='ltr'>festinanter</span> <span class='ocrx_word' id='word_1_217' title='bbox 898 3760 1108 3854; x_wconf 78' lang='lat' dir='ltr'>requisivit</span> <span class='ocrx_word' id='word_1_218' title='bbox 1136 3761 1305 3834; x_wconf 84' lang='lat' dir='ltr'>sollieite</span> <span class='ocrx_word' id='word_1_219' title='bbox 1343 3785 1366 3832; x_wconf 88' lang='lat' dir='ltr'>a</span> <span class='ocrx_word' id='word_1_220' title='bbox 1401 3764 1666 3860; x_wconf 57' lang='lat' dir='ltr'>nut1·iee‚‚ubi</span> 
     </span>
     <span class='ocr_line' id='line_1_28' title="bbox 224 3882 1668 3980; baseline 0.005 -29"><span class='ocrx_word' id='word_1_221' title='bbox 224 3904 390 3972; x_wconf 90' lang='lat' dir='ltr'>puerum</span> <span class='ocrx_word' id='word_1_222' title='bbox 422 3882 636 3974; x_wconf 54' lang='lat' dir='ltr'>posuissem</span> <span class='ocrx_word' id='word_1_223' title='bbox 680 3889 963 3976; x_wconf 86' lang='lat' dir='ltr'>remperteque</span> <span class='ocrx_word' id='word_1_224' title='bbox 992 3886 1098 3978; x_wconf 91' lang='lat' dir='ltr'>qued</span> <span class='ocrx_word' id='word_1_225' title='bbox 1127 3886 1258 3978; x_wconf 89' lang='lat' dir='ltr'>ipsum</span> <span class='ocrx_word' id='word_1_226' title='bbox 1288 3909 1455 3980; x_wconf 90' lang='lat' dir='ltr'>puerum</span> <span class='ocrx_word' id='word_1_227' title='bbox 1501 3888 1668 3958; x_wconf 92' lang='lat' dir='ltr'>minime</span> 
     </span>
     <span class='ocr_line' id='line_1_29' title="bbox 176 4007 1668 4102; baseline 0.008 -29"><span class='ocrx_word' id='word_1_228' title='bbox 176 4055 186 4073; x_wconf 85' lang='lat'><strong>.</strong></span> <span class='ocrx_word' id='word_1_229' title='bbox 222 4007 429 4094; x_wconf 69' lang='lat' dir='ltr'>tetigisset,</span> <span class='ocrx_word' id='word_1_230' title='bbox 469 4007 658 4078; x_wconf 85' lang='lat' dir='ltr'>exritavit</span> <span class='ocrx_word' id='word_1_231' title='bbox 688 4030 865 4097; x_wconf 84' lang='lat' dir='ltr'>uxerem,</span> <span class='ocrx_word' id='word_1_232' title='bbox 895 4012 935 4079; x_wconf 93' lang='lat' dir='ltr'>et</span> <span class='ocrx_word' id='word_1_233' title='bbox 971 4010 1144 4102; x_wconf 90' lang='lat' dir='ltr'>quidde</span> <span class='ocrx_word' id='word_1_234' title='bbox 1174 4011 1257 4082; x_wconf 87' lang='lat' dir='ltr'>filie</span> <span class='ocrx_word' id='word_1_235' title='bbox 1285 4013 1444 4102; x_wconf 79' lang='lat' dir='ltr'>fecerat,</span> <span class='ocrx_word' id='word_1_236' title='bbox 1474 4013 1668 4085; x_wconf 88' lang='lat' dir='ltr'>euriesius</span> 
     </span>
     <span class='ocr_line' id='line_1_30' title="bbox 222 4131 1666 4226; baseline 0.006 -27"><span class='ocrx_word' id='word_1_237' title='bbox 222 4131 446 4222; x_wconf 74' lang='lat' dir='ltr'>inquisivit.</span> <span class='ocrx_word' id='word_1_238' title='bbox 463 4131 590 4202; x_wconf 87' lang='lat' dir='ltr'>Perre</span> <span class='ocrx_word' id='word_1_239' title='bbox 606 4133 830 4226; x_wconf 79' lang='lat' dir='ltr'>stupefacta</span> <span class='ocrx_word' id='word_1_240' title='bbox 844 4133 991 4204; x_wconf 89' lang='lat' dir='ltr'>mulier</span> <span class='ocrx_word' id='word_1_241' title='bbox 1006 4135 1055 4205; x_wconf 87' lang='lat' dir='ltr'>ud</span> <span class='ocrx_word' id='word_1_242' title='bbox 1071 4136 1252 4206; x_wconf 88' lang='lat' dir='ltr'>auditum</span> <span class='ocrx_word' id='word_1_243' title='bbox 1271 4135 1357 4224; x_wconf 84' lang='lat' dir='ltr'>lilii,</span> <span class='ocrx_word' id='word_1_244' title='bbox 1374 4159 1462 4207; x_wconf 88' lang='lat' dir='ltr'>eum</span> <span class='ocrx_word' id='word_1_245' title='bbox 1482 4139 1666 4208; x_wconf 91' lang='lat' dir='ltr'>eumdem</span> 
     </span>
     <span class='ocr_line' id='line_1_31' title="bbox 216 4251 1668 4352; baseline 0.006 -28"><span class='ocrx_word' id='word_1_246' title='bbox 216 4256 335 4344; x_wconf 75' lang='lat' dir='ltr'>¹iuxta</span> <span class='ocrx_word' id='word_1_247' title='bbox 373 4279 413 4325; x_wconf 88' lang='lat' dir='ltr'>se</span> <span class='ocrx_word' id='word_1_248' title='bbox 449 4255 617 4327; x_wconf 92' lang='lat' dir='ltr'>minime</span> <span class='ocrx_word' id='word_1_249' title='bbox 653 4259 871 4347; x_wconf 80' lang='lat' dir='ltr'>reperisset,</span> <span class='ocrx_word' id='word_1_250' title='bbox 901 4259 1106 4330; x_wconf 86' lang='lat' dir='ltr'>deseemlit</span> <span class='ocrx_word' id='word_1_251' title='bbox 1135 4251 1316 4330; x_wconf 87' lang='lat' dir='ltr'>eeleriter</span> <span class='ocrx_word' id='word_1_252' title='bbox 1344 4262 1391 4332; x_wconf 89' lang='lat' dir='ltr'>de</span> <span class='ocrx_word' id='word_1_253' title='bbox 1420 4262 1598 4352; x_wconf 65' lang='lat' dir='ltr'>guilleta,</span> <span class='ocrx_word' id='word_1_254' title='bbox 1629 4270 1668 4333; x_wconf 88' lang='lat' dir='ltr'>et</span> 
     </span>
     <span class='ocr_line' id='line_1_32' title="bbox 222 4380 1667 4478; baseline 0.009 -34"><span class='ocrx_word' id='word_1_255' title='bbox 222 4403 311 4450; x_wconf 79' lang='lat' dir='ltr'>rum</span> <span class='ocrx_word' id='word_1_256' title='bbox 340 4381 424 4450; x_wconf 85' lang='lat' dir='ltr'>viru</span> <span class='ocrx_word' id='word_1_257' title='bbox 444 4380 592 4473; x_wconf 90' lang='lat' dir='ltr'>pariter</span> <span class='ocrx_word' id='word_1_258' title='bbox 620 4381 814 4452; x_wconf 86' lang='lat' dir='ltr'>emiesius</span> <span class='ocrx_word' id='word_1_259' title='bbox 843 4387 982 4453; x_wconf 88' lang='lat' dir='ltr'>natum</span> <span class='ocrx_word' id='word_1_260' title='bbox 1009 4406 1203 4476; x_wconf 89' lang='lat' dir='ltr'>quaerens</span> <span class='ocrx_word' id='word_1_261' title='bbox 1231 4384 1387 4478; x_wconf 88' lang='lat' dir='ltr'>lapsum</span> <span class='ocrx_word' id='word_1_262' title='bbox 1418 4387 1580 4457; x_wconf 89' lang='lat' dir='ltr'>tandem</span> <span class='ocrx_word' id='word_1_263' title='bbox 1611 4409 1667 4458; x_wconf 91' lang='lat' dir='ltr'>re-</span> 
     </span>
     <span class='ocr_line' id='line_1_33' title="bbox 222 4504 1665 4606; baseline 0.006 -34"><span class='ocrx_word' id='word_1_264' title='bbox 222 4505 459 4596; x_wconf 82' lang='lat' dir='ltr'>peritjuxta</span> <span class='ocrx_word' id='word_1_265' title='bbox 479 4504 671 4595; x_wconf 87' lang='lat' dir='ltr'>parietem</span> <span class='ocrx_word' id='word_1_266' title='bbox 702 4529 746 4576; x_wconf 88' lang='lat' dir='ltr'>ae</span> <span class='ocrx_word' id='word_1_267' title='bbox 766 4507 1016 4576; x_wconf 72' lang='lat' dir='ltr'>defunctum.</span> <span class='ocrx_word' id='word_1_268' title='bbox 1047 4507 1317 4580; x_wconf 80' lang='lat' dir='ltr'>Extralrentes</span> <span class='ocrx_word' id='word_1_269' title='bbox 1346 4510 1469 4604; x_wconf 76' lang='lat' dir='ltr'>igitur</span> <span class='ocrx_word' id='word_1_270' title='bbox 1496 4533 1665 4606; x_wconf 93' lang='lat' dir='ltr'>puerum</span> 
     </span>
     <span class='ocr_line' id='line_1_34' title="bbox 221 4628 1695 4724; baseline 0.009 -31"><span class='ocrx_word' id='word_1_271' title='bbox 221 4649 311 4697; x_wconf 85' lang='lat' dir='ltr'>rum</span> <span class='ocrx_word' id='word_1_272' title='bbox 335 4651 514 4698; x_wconf 86' lang='lat' dir='ltr'>moerere</span> <span class='ocrx_word' id='word_1_273' title='bbox 547 4628 833 4719; x_wconf 86' lang='lat' dir='ltr'>deliberabant,</span> <span class='ocrx_word' id='word_1_274' title='bbox 855 4631 952 4724; x_wconf 86' lang='lat' dir='ltr'>quid</span> <span class='ocrx_word' id='word_1_275' title='bbox 985 4633 1131 4703; x_wconf 76' lang='lat' dir='ltr'>tacturi</span> <span class='ocrx_word' id='word_1_276' title='bbox 1155 4639 1288 4704; x_wconf 86' lang='lat' dir='ltr'>essent</span> <span class='ocrx_word' id='word_1_277' title='bbox 1306 4635 1354 4706; x_wconf 90' lang='lat' dir='ltr'>de</span> <span class='ocrx_word' id='word_1_278' title='bbox 1374 4635 1457 4704; x_wconf 90' lang='lat' dir='ltr'>tilie</span> <span class='ocrx_word' id='word_1_279' title='bbox 1487 4637 1664 4708; x_wconf 90' lang='lat' dir='ltr'>nendum</span> <span class='ocrx_word' id='word_1_280' title='bbox 1690 4673 1695 4686; x_wconf 90' lang='lat'><strong>·</strong></span> 
     </span>
    </p>
   </div>
   <div class='ocr_carea' id='block_1_3' title="bbox 488 4841 1664 4857">
    <p class='ocr_par' dir='ltr' id='par_1_3' title="bbox 488 4841 1664 4857">
     <span class='ocr_line' id='line_1_35' title="bbox 488 4841 1664 4857; baseline 0.005 -10"><span class='ocrx_word' id='word_1_281' title='bbox 488 4841 1076 4852; x_wconf 74' lang='lat'>-.-.——-.-—·--——--—-·--—-</span> <span class='ocrx_word' id='word_1_282' title='bbox 1478 4849 1558 4856; x_wconf 44' lang='grc' dir='ltr'>ἡ,</span> <span class='ocrx_word' id='word_1_283' title='bbox 1582 4850 1602 4856; x_wconf 87' lang='grc'>,,</span> <span class='ocrx_word' id='word_1_284' title='bbox 1635 4849 1664 4857; x_wconf 76' lang='grc'>,-</span> 
     </span>
    </p>
   </div>
   <div class='ocr_carea' id='block_1_4' title="bbox 329 4959 762 5116">
    <p class='ocr_par' dir='ltr' id='par_1_4' title="bbox 329 4959 762 5116">
     <span class='ocr_line' id='line_1_36' title="bbox 330 4959 599 5014; baseline 0.007 -2"><span class='ocrx_word' id='word_1_285' title='bbox 330 4967 338 4992; x_wconf 82' lang='lat'><em>¹</em></span> <span class='ocrx_word' id='word_1_286' title='bbox 359 4959 457 5013; x_wconf 78' lang='lat' dir='ltr'>Codex</span> <span class='ocrx_word' id='word_1_287' title='bbox 478 4979 493 5010; x_wconf 88' lang='lat'>«</span> <span class='ocrx_word' id='word_1_288' title='bbox 508 4969 560 5014; x_wconf 80' lang='lat' dir='ltr'>aut</span> <span class='ocrx_word' id='word_1_289' title='bbox 574 4981 599 5014; x_wconf 91' lang='lat'>».</span> 
     </span>
     <span class='ocr_line' id='line_1_37' title="bbox 329 5048 762 5116; baseline 0.002 -17"><span class='ocrx_word' id='word_1_290' title='bbox 329 5048 401 5100; x_wconf 69' lang='lat'>²01.</span> <span class='ocrx_word' id='word_1_291' title='bbox 424 5049 495 5101; x_wconf 81' lang='lat' dir='ltr'>Acta</span> <span class='ocrx_word' id='word_1_292' title='bbox 518 5049 582 5116; x_wconf 57' lang='lat' dir='ltr'>Sat,</span> <span class='ocrx_word' id='word_1_293' title='bbox 605 5052 623 5103; x_wconf 91' lang='lat' dir='ltr'>l.</span> <span class='ocrx_word' id='word_1_294' title='bbox 646 5067 670 5104; x_wconf 79' lang='lat' dir='ltr'>e.</span> <span class='ocrx_word' id='word_1_295' title='bbox 693 5067 723 5104; x_wconf 91' lang='lat' dir='ltr'>n.</span> <span class='ocrx_word' id='word_1_296' title='bbox 746 5055 762 5100; x_wconf 78' lang='lat' dir='ltr'>:t</span> 
     </span>
    </p>
   </div>
   <div class='ocr_carea' id='block_1_5' title="bbox 0 0 1956 5570">
    <p class='ocr_par' dir='ltr' id='par_1_5' title="bbox 0 0 1956 5570">
     <span class='ocr_line' id='line_1_38' title="bbox 0 0 1956 5570; baseline 0 2"><span class='ocrx_word' id='word_1_297' title='bbox 0 0 1956 5570; x_wconf 95' lang='lat' dir='ltr'> </span> 
     </span>
    </p>
   </div>
  </div>
 </body>
</html>
