3880 5568
290 397 338 468 ts
612 416 667 466 rm
700 415 869 466 rrm'ruu
899 415 1140 468 rra'rruauo
1170 415 1422 468 narmensi.

396 646 452 740 (8)
465 645 606 719 Simile
621 647 773 740 aliquid
790 647 960 740 contigit
970 647 1116 740 juveni
1131 647 1248 718 alteri
1263 645 1311 718 de
1328 646 1491 718 civitate
1509 645 1731 732 ivae-utensi,

287 771 369 864 qui,
408 793 498 842 cum
538 769 579 840 in
605 755 735 840 'vinea
775 793 847 840 sua
884 771 1084 842 excubans
1120 765 1396 870 dormitasset,¹
1429 767 1733 862 expergefaetus

194 985 199 996 ι
287 893 445 964 invenit
473 915 516 963 os
544 913 659 964 sumn
692 892 973 992 miserabiliter
1001 891 1266 986 obliquatam.
1287 889 1420 962 Mater
1440 913 1534 962 rere
1551 891 1638 984 ejus
1657 890 1733 961 hoc

288 1019 450 1089 intuens
479 1019 608 1110 coepit
646 1017 804 1089 fortiter
834 1017 1082 1088 exclamare:
1132 1017 1318 1090 «Sancte
1347 1013 1571 1087 Matthaeel
1603 1019 1641 1088 tc
1670 1017 1733 1088 de-

288 1166 438 1236 precor,
455 1149 501 1214 ut
521 1143 650 1214 tilium
671 1165 806 1214 meum
837 1143 1006 1214 liberare
1036 1143 1228 1237 digneris3
1252 1169 1269 1209 s
1304 1143 1620 1236 confugiensque
1639 1163 1730 1212 cum

214 1270 219 1280 '
288 1267 372 1338 tilio
401 1268 450 1338 ad
479 1268 731 1360 sepulchrum
764 1268 851 1360 ejus
880 1268 1111 1338 ridentibus
1140 1267 1261 1356 illico,
1287 1267 1355 1360 qui
1377 1267 1601 1355 adstabant,
1623 1268 1732 1337 resti-

288 1391 486 1462 tutionem
517 1391 590 1463 tilii
621 1392 769 1488 meruit
797 1393 977 1463 obtinere
997 1392 1066 1479 ita,
1096 1392 1201 1484 quod
1231 1413 1330 1484 puer
1358 1389 1446 1462 Deo
1475 1391 1613 1462 laudes
1637 1413 1732 1463 rece

288 1516 460 1586 altisona
488 1521 755 1608 concreparet.
1561 1533 1562 1536 ’

396 1637 453 1730 (9)
473 1636 662 1708 Matrona
692 1639 884 1732 quaedam
920 1639 1160 1724 Nurm'cmis,
1192 1661 1283 1710 eum
1304 1637 1580 1710 deambularet
1608 1637 1649 1708 in
1675 1659 1732 1708 so-

287 1763 387 1832 lario
407 1763 550 1833 donms
570 1785 676 1852 suae,
698 1763 754 1834 ita
774 1748 949 1856 grariter
977 1762 1132 1852 cecidit,
1154 1764 1260 1856 quod
1279 1785 1369 1834 crus
1389 1764 1475 1856 ejus
1495 1763 1655 1855 penitus
1674 1766 1733 1832 cst

287 1888 551 1957 confractum.
574 1885 642 1957 Ad
662 1909 781 1980 quam
804 1910 894 1958 cum
916 1887 1091 1958 venisset
1111 1887 1290 1958 medicus
1313 1888 1491 1982 quidam,
1514 1885 1735 1980 Gregorius

289 2006 539 2109 (mnnita)
568 2011 743 2099 nomine,
764 2016 803 2082 et
831 2013 1048 2083 fracturam
1080 2011 1248 2082 sollicite
1278 2011 1551 2105 perspexisset,
1572 2015 1733 2104 propter
1812 2058 1817 2066 -
1928 2013 1929 2028 ¹

289 2135 567 2228 intemperiem
598 2135 700 2206 aeris
728 2136 1028 2208 incumbentem
1050 2131 1096 2233 (t'.
1119 2133 1231 2235 102²)
1260 2136 1555 2240 medicamenta
1575 2135 1731 2207 vulneri

288 2259 445 2330 distulit
472 2259 674 2346 adhibere,
705 2281 912 2353 quousque
939 2259 1104 2332 visitato
1134 2261 1241 2332 beati
1270 2260 1477 2358 Francisei
1497 2259 1657 2331 tumulo
1685 2283 1732 2331 ex

289 2391 392 2470 roto,
423 2355 528 2478 quod
550 2385 758 2472 babuerat,
779 2382 1004 2456 Xaruimn²
1036 2357 1245 2456 remearet.
1266 2384 1418 2456 Mulier
1437 2407 1531 2456 vero
1552 2407 1632 2456 non
1654 2407 1732 2456 me-

288 2509 475 2579 diocriter
494 2509 670 2579 cruciata
684 2509 802 2580 tratri
818 2507 1028 2581 Mattlraeo
1048 2509 1281 2602 suppliciter
1309 2509 1469 2581 interim
1501 2531 1541 2580 se
1570 2509 1733 2580 devovit

288 2637 328 2702 et
356 2627 498 2703 allatas
526 2633 601 2703 sibi
631 2633 821 2726 reliquias
850 2633 948 2704 dieti
977 2634 1125 2722 fratris,
1156 2655 1254 2727 quas
1283 2633 1469 2720 habebat,
1490 2632 1649 2704 vulneri
1670 2656 1734 2727 ap·

289 2757 473 2848 plicarit3
504 2757 649 2850 quibus
678 2757 736 2827 ita
764 2757 885 2851 gestis
914 2758 1189 2851 praesentibus
1218 2758 1421 2846 fratribus,
1465 2779 1564 2852 quos
1592 2758 1640 2829 ad
1672 2759 1733 2830 sui

289 2881 600 2953 consolationem
631 2882 765 2952 vocari
793 2882 955 2970 fecerat,
985 2905 1079 2956 mox
1108 2883 1281 2954 surrexit
1314 2887 1354 2954 et
1383 2905 1452 2976 per
1480 2881 1731 2955 domicilium

289 3005 366 3074 lmc
395 3005 571 3099 illucque
600 3005 862 3077 deambulans
905 3007 1121 3079 revertenti
1151 3008 1307 3078 medico
1336 3008 1487 3079 factum
1519 3007 1561 3078 in
1592 3030 1632 3079 se
1662 3009 1734 3078 mi-

289 3131 470 3201 raculum
501 3112 714 3202 enarravit.

502 3379 701 3472 (Sequitur
729 3381 924 3471 tituloque:
952 3381 1076 3472 propit
1105 3381 1260 3452 ‹ur-ditor
1279 3379 1356 3474 fol.
1394 3359 1516 3470 leitil:

401 3646 581 3716 [ludum.
611 3645 762 3738 Magna
791 3650 908 3734 certe,
939 3649 983 3716 ut
1012 3645 1143 3734 audio,
1164 3645 1320 3717 cautela
1349 3645 1600 3718 discretionis
1620 3647 1735 3717 iutel-

290 3772 414 3842 lectus
442 3771 596 3865 indiget
624 3771 994 3864 scr·iptm·a1·um,ut
1023 3771 1063 3841 in
1094 3793 1217 3842 unmn
1248 3769 1340 3842 fidei
1361 3771 1540 3865 regulam
1575 3772 1733 3866 singula

289 3917 469 3989 quaeque
498 3901 749 3975 contemnant,
779 3917 883 3989 quae
921 3895 1086 3988 sparsim
1123 3895 1231 3967 edita
1266 3918 1336 3990 per
1364 3918 1524 3990 campos
1566 3897 1733 3991 seriptu-

291 4043 424 4090 rmum
454 4043 477 4090 a
505 4019 712 4090 nonnullis
741 4019 817 4090 sibi
850 4019 1010 4091 dissona
1048 4023 1297 4114 reputantur.
1338 4019 1398 4093 At
1426 4045 1534 4092 nunc
1552 4015 1599 4120 (f.
1622 4019 1734 4120 10312)

290 4164 382 4227 erqo
411 4142 662 4232 ignorantiae
691 4165 802 4214 meae
832 4165 996 4236 parcens
1029 4144 1079 4215 ad
1108 4143 1300 4216 ulteriora
1329 4167 1423 4238 rogo
1448 4145 1672 4237 procedere,
1694 4149 1734 4215 et

290 4269 395 4359 qud
423 4268 678 4360 promissioni
707 4283 799 4340 tuae
829 4291 1031 4364 superesse
1060 4270 1305 4364 cognoveris,
1334 4271 1435 4341 milri
1465 4270 1618 4342 solvere
1649 4292 1732 4358 non

291 4416 477 4481 marens.

397 4601 404 4604 .
432 4600 584 4607 ——-.-...-..
606 4601 673 4610 ,.-..-.
693 4602 935 4609 ...-,,.....-..--.
954 4602 1049 4609 ...—

397 4723 406 4749 ¹
426 4720 524 4776 Codex
544 4723 689 4777 «tumulo
707 4723 787 4791 quod
808 4722 951 4777 Narniam
971 4739 1008 4778 ex
1028 4729 1095 4778 roto
1115 4725 1259 4778 babuerat
1278 4743 1303 4776 a,
