3902 5570
787 423 844 474 llll
874 423 905 472 S.
935 421 1130 474 ANTONIO
1160 421 1196 472 P.

495 779 693 873 (Sequitur
721 779 921 871 (adopta
944 779 1075 870 prrpil
1105 784 1289 848 rarrrrnlor
1307 775 1384 871 jbl.
1416 779 1497 866 l›“‘):

381 1029 440 1100 lla
469 1051 613 1122 nempe
642 1031 890 1121 tempestate,
921 1052 998 1122 qna
1027 1027 1203 1099 diximus
1227 1027 1358 1098 virum
1389 1031 1571 1098 sanctum
1592 1027 1632 1097 in
1654 1025 1712 1099 Si-

272 1155 387 1225 ciliae
416 1155 596 1248 partibus
625 1153 854 1246 applicasse,
884 1154 1068 1248 generale
1097 1152 1319 1245 capitulum
1354 1151 1506 1222 ordinis
1543 1153 1713 1245 contigit

272 1279 377 1372 apud
407 1277 607 1350 Assisium
630 1279 842 1366 celebrari3
873 1301 951 1371 quo
981 1301 1070 1348 cmn
1093 1300 1141 1348 ex
1169 1298 1280 1347 more
1300 1299 1391 1347 cum
1411 1276 1604 1348 fratribus
1623 1277 1716 1347 aliis

273 1403 479 1474 Antonius
507 1403 763 1496 pervenisset,
785 1403 972 1474 mittente
993 1403 1178 1473 ministro
1206 1399 1383 1496 generali
1403 1401 1445 1472 in
1465 1401 1710 1494 provinciam

274 1527 538 1599 Rornaniolae
553 1527 787 1598 destinatur.
805 1527 887 1598 Ubi
904 1550 994 1598 cum
1012 1550 1049 1596 m
1058 1527 1141 1597 ulto
1158 1525 1570 1619 temporesolitariam
1588 1527 1712 1596 vitam

273 1653 419 1745 degens
448 1652 489 1722 in
520 1652 618 1740 loco,
648 1652 715 1745 qui
746 1673 902 1724 eremus
939 1651 1093 1721 Montis
1132 1650 1250 1720 Pauli
1284 1650 1443 1736 dieitur,
1478 1658 1714 1733 moraretur,

274 1799 433 1847 carnem
452 1797 611 1870 prorsus
630 1770 758 1870 ¹coegit
777 1777 924 1847 serviro
945 1775 1116 1870 spiritui,
1138 1797 1281 1868 panem
1303 1781 1460 1846 tantum
1484 1774 1716 1868 inpendere

273 1901 485 1972 rrnnedens
514 1905 554 1971 et
581 1923 727 1993 aquam
756 1899 895 1971 bibens
916 1901 1063 1993 pariter
1083 1900 1124 1970 in
1145 1921 1354 1985 mensura3
1377 1900 1433 1970 ita
1453 1921 1611 1994 quoque
1632 1921 1725 1986 ma<

273 2026 412 2096 xillam
443 2023 547 2118 (W)
577 2025 707 2096 cannis
736 2025 928 2095 orationis
950 2032 989 2096 et
1018 2025 1179 2114 vigiliae
1200 2046 1354 2095 necnon
1385 2031 1425 2096 et
1449 2024 1715 2095 abstinentiae

274 2149 460 2222 salutaris
488 2151 602 2220 freno
631 2149 883 2237 constrinxit,
913 2155 969 2238 ut,
1000 2137 1090 2220 oum
1121 2171 1236 2242 saepe
1274 2171 1469 2242 campana
1497 2153 1665 2219 rorante
1693 2173 1716 2219 a

274 2275 375 2346 colla
403 2297 474 2346 sua
501 2275 550 2344 ad
579 2275 723 2346 fratres
742 2279 894 2345 ceteros
913 2273 1043 2345 redire
1063 2281 1237 2366 cuperet,
1259 2273 1419 2346 nonnisi
1439 2275 1612 2344 fratrum
1635 2297 1718 2344 ma-

275 2401 393 2470 nibus
421 2421 493 2494 pro
522 2398 728 2470 debilitate
758 2397 885 2468 nimia
922 2401 1179 2492 supportatus
1208 2398 1249 2468 id
1278 2397 1479 2468 ullatenus
1507 2420 1717 2492 agereopo-

275 2524 429 2594 tuisset.
448 2521 706 2594 Humilitatis
721 2545 815 2594 vero
831 2522 960 2593 cultor
975 2522 1157 2593 assiduus
1172 2521 1214 2592 in
1231 2527 1387 2592 tantum
1402 2522 1556 2593 studuit
1567 2523 1716 2592 fastum

274 2647 526 2740 arrogantiae
554 2646 767 2734 declinare,
799 2652 853 2735 ut,
870 2669 961 2716 cum
993 2651 1128 2716 tantae
1152 2645 1257 2716 foret
1286 2645 1518 2733 industriae,
1539 2647 1644 2739 ‹prod
1674 2645 1719 2717 li-

275 2773 437 2842 brorum
459 2771 533 2842 sibi
549 2771 677 2842 ricem
700 2770 895 2842 memoria
915 2770 1161 2842 ministraret
1182 2777 1221 2842 et
1241 2771 1390 2864 eloquii
1412 2771 1569 2862 mystici
1590 2772 1718 2858 gratia

276 2898 458 2990 copiosus
500 2895 691 2984 afflueret,
721 2893 948 2988 peritiorem
980 2899 1117 2965 tamen
1147 2919 1236 2966 enm
1278 2895 1422 2966 fratres
1451 2903 1646 2966 nm'erant
1676 2895 1716 2965 in

276 3020 617 3114 suppellectilibus
643 3020 838 3113 'coquinae
867 3019 1061 3106 lavandis,
1083 3042 1204 3112 (luzam
1235 3021 1455 3114 scripturae
1485 3043 1617 3091 sacrae
1647 3021 1720 3090 mi-

276 3147 429 3219 steriis¹
462 3145 727 3239 exponendis3
749 3167 878 3239 neque
898 3145 1006 3216 enim
1027 3151 1269 3238 putaverant
1287 3169 1378 3216 oum
1400 3147 1543 3216 fratres
1563 3147 1611 3216 de
1631 3145 1720 3215 scri-

276 3272 405 3366 pturis
447 3271 666 3364 quidquam
708 3291 822 3340 nosse
861 3269 1028 3358 divinis,
1070 3291 1148 3339 nno
1186 3273 1343 3340 tantum
1386 3269 1721 3363 praesumptionis

277 3395 465 3488 suffragio
494 3393 738 3464 confidentes
766 3393 903 3486 magni
933 3391 1087 3485 aliquid
1123 3392 1385 3478 extimabant,
1415 3393 1509 3486 quia
1538 3393 1600 3463 rel
1632 3416 1722 3464 raro

277 3519 506 3592 litteraliter
520 3541 612 3589 eum
628 3518 738 3611 loqui
754 3517 977 3607 audierant,
990 3541 1081 3588 cum
1098 3518 1312 3588 necessitas
1323 3519 1528 3611 exegisset.
1541 3517 1719 3590 Tandem

276 3651 411 3716 antem
440 3642 694 3735 dispensante
714 3641 893 3713 Domino
914 3641 990 3713 viri
1010 3641 1091 3712 Dei
1119 3641 1287 3712 scientia
1306 3641 1498 3714 fratrilms
1527 3643 1720 3722 innotuit,

277 3771 346 3864 qui
375 3771 579 3840 lucernam
600 3767 751 3860 gratiae
771 3787 889 3860 super
908 3765 1192 3838 candelabrum
1223 3768 1423 3860 praecepit
1443 3767 1650 3852 collocari;
1671 3770 1719 3839 ad

277 3891 630 4011 erpangelizandam
651 3891 712 3962 sui
732 3889 908 3961 nominis
927 3889 1095 3984 gloriam
1112 3889 1306 3961 cultorem
1323 3892 1445 3962 eremi
1462 3891 1640 3987 desti-(f.
1660 3890 1724 3992 Ψ)

278 4019 404 4090 navit.

386 4142 622 4238 Susceptum
639 4144 762 4238 igitur
782 4165 880 4236 opus
900 4143 1167 4236 evangelistae
1188 4144 1317 4215 fidelis
1337 4165 1474 4214 servus
1494 4149 1533 4214 ct
1549 4145 1723 4236 prudens

277 4273 358 4341 tam
391 4269 602 4341 efficaciter
630 4267 817 4338 exhibere
846 4268 1014 4356 curavit,
1038 4273 1082 4339 nt
1110 4269 1247 4362 requie
1276 4267 1337 4339 sni
1358 4267 1533 4362 corporis
1562 4269 1724 4361 penitus

276 4395 474 4488 abnegata
502 4417 571 4487 per
599 4393 794 4477 civitates,
814 4391 924 4462 vicos
943 4415 989 4462 ac
1014 4396 1144 4463 castra
1172 4393 1412 4464 discurreret
1441 4393 1644 4486 arguendo
1665 4391 1722 4462 in-

278 4517 470 4606 credulos,
500 4517 742 4588 obsecrando
762 4517 848 4609 pios
872 4521 913 4586 et
932 4516 1064 4610 pigros
1093 4517 1243 4609 pariter
1271 4517 1525 4609 increpando,
1555 4539 1600 4586 ac
1621 4516 1723 4586 sicut

277 4641 592 4730 affluentissime,
623 4641 679 4712 ita
707 4641 827 4712 etiam
858 4640 1152 4712 ferventissime
1182 4641 1442 4734 congruentia
1471 4639 1639 4734 singulis
1658 4641 1724 4711 do-

278 4767 431 4837 ctrinae
468 4767 624 4837 monita
661 4771 904 4858 prorogaret.
944 4763 1069 4835 Nulla
1111 4771 1286 4857 prorsus'
1312 4787 1405 4838 enm
1444 4765 1628 4836 flectebat
1666 4787 1725 4834 ar-

386 5045 395 5073 ¹
415 5041 515 5098 Codex
535 5062 550 5095 <‹
566 5044 777 5100 ministeriis».
