3880 5568
283 312 360 384 112
707 333 764 385 un
797 333 1044 387 vrsromnes
1076 333 1297 386 summurn.

1291 475 1296 480 .
1304 475 1321 480 ..
1330 475 1336 480 .
1348 475 1445 480 --...—
1480 476 1497 480 -
1578 475 1732 488 ἢ...

389 561 568 634 ritaliter.
600 562 702 635 (lum
725 568 873 652 tautae,
894 565 997 635 sicut
1024 565 1159 652 refers,
1181 563 1469 636 familiaritatis
1497 566 1666 658 gratiani
1689 571 1729 636 et

281 687 442 760 futurae
470 690 620 783 gloriae
651 693 926 786 praeparatam
957 689 1074 760 fratri
1111 711 1299 760 coronam
1329 677 1539 762 Dominus
1561 712 1630 784 per
1657 713 1733 760 an-

280 811 428 905 gelum,
449 815 550 886 sicut
578 816 742 900 extimo,
773 813 948 884 revelare
978 813 1165 906 dignatus
1193 813 1256 901 sit,
1287 814 1423 900 miror,
1452 836 1575 907 quare
1603 814 1652 886 de
1672 815 1729 886 ri-

280 935 392 1008 sione
411 939 516 1010 taeta
536 939 758 1032 pertimuit,
788 961 880 1010 curn
897 937 1031 1030 potius
1046 937 1225 1009 exultare
1256 939 1295 1008 in
1314 935 1492 1010 Domino
1521 942 1561 1010 et
1579 939 1730 1032 gratias

281 1083 398 1156 agero
426 1064 638 1136 debuisset.
704 1117 708 1125 ·

389 1187 597 1262 iberatur.
629 1186 672 1261 Si
687 1189 808 1282 ‚juxta
827 1187 947 1259 Pauli
968 1187 1209 1260 sententiam
1232 1187 1314 1282 ipse
1334 1193 1447 1260 satan
1469 1187 1728 1283 transfigurat

278 1333 319 1383 se
348 1313 391 1384 in
420 1314 606 1407 angelum
629 1313 741 1402 lucis,
755 1315 764 1348 '¹
798 1315 844 1382 ut
862 1313 1049 1384 incautos
1069 1317 1174 1383 certe
1207 1335 1341 1384 secum
1363 1313 1570 1406 pertrahat
1585 1313 1627 1384 in
1648 1313 1728 1384 rui-

280 1458 388 1524 nam,
418 1459 498 1508 nou
530 1438 758 1508 mirandum
790 1437 917 1525 valde,
938 1436 971 1508 si
999 1437 1125 1506 frater
1143 1435 1293 1519 timuit,
1323 1437 1392 1530 qui
1421 1437 1591 1508 forsitan
1611 1459 1729 1530 saepe

279 1561 440 1632 fraudes
468 1563 555 1655 ejus
583 1567 769 1654 expertus
790 1582 1043 1654 nequaquam
1065 1560 1190 1654 ipsius
1218 1561 1387 1633 astutias
1416 1561 1628 1656 ignoravit.
1650 1559 1728 1632 No-

278 1692 375 1758 runt
403 1687 549 1780 quippe
578 1685 763 1758 flexuosis
792 1687 879 1780 ejus
899 1685 1057 1757 insidiis
1076 1681 1122 1782 (f.
1144 1683 1256 1778 1400)
1276 1686 1424 1758 assueti
1446 1685 1724 1780 promittenti2

278 1832 408 1904 neque
436 1812 606 1899 credere,
636 1833 709 1882 nec
737 1811 875 1882 cedere
891 1810 1170 1898 comminanti,
1199 1811 1267 1880 sed
1296 1811 1434 1882 eadem
1467 1811 1616 1882 mentis
1636 1833 1728 1883 con—

280 1935 430 2008 stantia
457 1935 734 2007 blandientem
764 1909 964 2008 sustinent
992 1939 1032 2005 et
1062 1939 1278 2006 terrentem
1309 1935 1504 2007 derident.
1528 1933 1726 2030 Alioquin

278 2060 387 2130 enim
417 2060 450 2132 si
470 2061 634 2152 perfecti
665 2060 742 2130 viri
771 2060 883 2132 omni
912 2059 1072 2152 spiritui
1101 2059 1180 2130 cito
1215 2059 1422 2131 eraderent
1450 2067 1521 2131 aut
1549 2059 1726 2153 spiritua,

279 2185 311 2254 si
341 2207 389 2254 ex
417 2183 506 2256 Deo
534 2188 640 2272 sunt,
672 2207 753 2256 non
775 2185 1000 2277 probarent,
1031 2184 1179 2255 multos
1208 2207 1323 2276 saepe
1351 2184 1395 2254 in
1415 2207 1591 2256 errorem
1615 2207 1725 2278 prae·

280 2309 521 2400 sumptionis
540 2309 755 2380 alaluceret
774 2308 976 2381 adulatrix
995 2307 1134 2402 lingua
1163 2309 1369 2401 serpentis,
1390 2307 1611 2380 nonnullos
1630 2331 1727 2380 vcro

222 2433 224 2440 ’
277 2433 389 2526 quasi
408 2433 543 2505 stellas
563 2437 698 2504 mente
718 2433 813 2505 lieet
832 2432 1070 2503 ‹roeiestibus
1090 2433 1343 2504 inhaerentes
1358 2433 1653 2526 desperationis
1673 2433 1722 2506 ad

276 2556 360 2627 ima
386 2557 613 2629 detraheret
642 2557 832 2628 virulenti
861 2557 988 2628 cauda
1016 2557 1209 2628 draconis.
1240 2557 1451 2628 Interdum
1482 2581 1590 2646 vore,
1620 2558 1653 2630 si
1672 2559 1723 2629 ad

279 2681 377 2752 liaeo
405 2681 490 2774 ipsa
518 2681 793 2768 discernenda,
823 2703 925 2775 quae
958 2680 1145 2768 diximus,
1175 2682 1381 2774 ingenium
1413 2682 1591 2753 hominis
1611 2681 1724 2754 Deus

270 2803 408 2898 impar
436 2805 520 2876 fore
549 2805 809 2898 conspexerit,
840 2805 1069 2897 magisterio
1107 2827 1221 2898 saepe
1250 2807 1365 2877 (locet
1393 2806 1590 2900 angelino,
1625 2807 1723 2900 quid

276 2929 317 3000 in
349 2929 496 3000 talibus
525 2953 642 3020 agere
671 2929 898 3001 debeamus.

383 3051 486 3123 Nam
518 3077 609 3124 eum
637 3055 763 3126 frater
790 3055 967 3148 quidam,
989 3051 1205 3125 Amutuas
1227 3055 1401 3142 nomine,
1422 3056 1527 3148 apud
1549 3053 1721 3126 Adriam

274 3176 317 3247 in
334 3175 539 3249 Pennensi
553 3179 720 3250 dioecesi
738 3185 974 3263 moraretur,
995 3179 1348 3272 contemplationis
1367 3185 1527 3250 sanetae
1547 3185 1588 3251 et
1606 3180 1724 3252 deve-

275 3301 396 3372 tionis
425 3303 567 3374 studiis
595 3325 757 3396 operam
786 3304 993 3396 satagebat
1016 3303 1175 3374 inferre.
1199 3303 1388 3394 Quicum
1410 3305 1723 3397 noctequadam

275 3447 385 3496 more
414 3425 531 3497 solito
561 3427 834 3498 meditationis
863 3449 957 3497 suae
985 3425 1139 3498 deliciis
1169 3427 1376 3518 potiretur,
1397 3425 1551 3498 audivit
1583 3449 1722 3498 vocem

273 3549 474 3648 dicentem
503 3550 599 3620 sibi:
636 3549 734 3622 «Ut
763 3550 859 3644 quid
888 3555 928 3621 tc
956 3551 1077 3620 miser
1106 3547 1292 3621 Andreas
1322 3550 1470 3643 vigiliis
1494 3553 1535 3621 et
1547 3550 1723 3644 jejuniis
1782 3557 1795 3579 ’

274 3679 314 3745 et
342 3673 624 3745 afflictionibus
652 3675 742 3745 aliis
770 3675 855 3746 sinc
884 3697 1003 3746 eausa
1031 3674 1272 3746 confundisl
1302 3697 1393 3746 vere
1422 3675 1523 3746 scias
1551 3679 1592 3744 te
1611 3674 1725 3746 dam-

273 3799 428 3869 nationi
459 3805 671 3892 perpetuae
699 3793 745 3897 (f.
763 3793 875 3896 141²)
899 3800 1224 3892 umneipamlum,
1246 3821 1318 3869 nee
1340 3819 1532 3892 umquam
1558 3801 1722 3870 tantum

274 3922 454 3994 laborare
483 3923 642 4017 poteris,
672 3925 778 4017 quod
806 3923 1022 3995 salveris.»
1051 3923 1251 3994 Turbatus
1279 3923 1404 4016 igitur
1432 3945 1480 3993 ex
1508 3923 1650 3994 auditu
1679 3929 1719 3994 et

273 4069 322 4118 ex
351 4047 505 4118 intimis
534 4047 718 4118 lacrimas
746 4069 835 4118 cum
867 4047 1047 4142 singultu
1076 4047 1304 4118 vehementi
1334 4048 1556 4141 producens
1588 4047 1719 4141 coepit

275 4205 392 4212 ..nom——
402 4206 420 4211 --
431 4207 481 4212 --—-
492 4205 543 4211 ——
581 4207 962 4214 --..--...-.-—..—.....-.-....
1183 4208 1190 4212 -
1234 4207 1462 4214 ————.--
1479 4207 1720 4214 *mu-.—

274 4263 430 4332 udditque:
453 4283 467 4314 «
483 4264 671 4334 liudulphum
687 4281 747 4318 non
761 4273 878 4334 sequor,
893 4265 944 4334 qui
959 4266 1031 4319 haec
1045 4265 1211 4319 Florentiae
1224 4265 1384 4334 contigisse
1397 4271 1512 4332 narrat3
1527 4263 1720 4320 deierandum

275 4353 370 4422 magis
385 4351 552 4408 Crescentio
565 4369 674 4408 coaevo
687 4360 716 4409 et
731 4353 865 4408 Ministro
879 4352 1027 4420 (isnardi,
1043 4354 1094 4423 qui
1109 4353 1206 4408 locum
1221 4355 1296 4408 scire
1310 4355 1416 4408 melius
1427 4355 1523 4423 potuit
1535 4359 1565 4410 et
1578 4353 1717 4420 debuit».

274 4441 351 4496 Ron.
365 4441 489 4497 Tossm.
506 4445 584 4496 euim
598 4458 670 4498 suae
684 4443 820 4498 relationi
832 4443 982 4498 interserit
1001 4461 1016 4494 <‹
1030 4443 1127 4497 oranti
1139 4441 1170 4496 in
1184 4443 1311 4496 ecclesia
1323 4443 1487 4496 Florentiae
1501 4462 1533 4510 »ς
1553 4443 1719 4498 secundum

274 4531 481 4587 tvannrnuun
501 4547 570 4587 vero
589 4532 697 4586 accidit
717 4550 732 4583 <‹
751 4533 782 4586 in
806 4533 905 4585 titonia
924 4531 1043 4586 iio'euse
1063 4529 1221 4586 Custodiae
1241 4529 1411 4586 clusinae»
1431 4533 1474 4598 (in
1494 4531 1628 4601 margine
1647 4531 1721 4586 citat

274 4618 464 4675 «Marianus
487 4619 674 4676 crescentius
693 4623 723 4674 in
744 4621 861 4690 dialogo
874 4626 916 4688 a);
943 4621 1080 4690 dialogus
1100 4621 1162 4690 ipse
1181 4625 1210 4675 et
1229 4619 1366 4676 Prsauus
1384 4619 1503 4675 nullum
1524 4621 1622 4674 locum
1643 4619 1722 4674 indi-

273 4717 358 4777 cant;
383 4710 518 4766 Pisanus
538 4712 658 4781 incipit:
680 4711 756 4765 «Do
775 4711 925 4766 Florentia
943 4711 1000 4765 iuit
1017 4712 1064 4764 vir
1083 4711 1203 4780 quidam
1224 4717 1345 4767 sanctus
1364 4716 1453 4766 irater
1472 4712 1593 4766 nornine
1611 4709 1721 4766 Rolan-

273 4799 379 4866 dinus;
399 4799 450 4854 sad
470 4800 522 4854 ubi
541 4801 579 4854 sit
598 4801 743 4870 sepultus
764 4816 824 4854 non
845 4801 978 4869 reperi».

381 4890 424 4940 ¹2
445 4888 508 4943 Cor.
532 4891 575 4957 tl,
598 4889 640 4942 ii.

380 4981 389 5005 ’·“
410 4977 508 5031 Codex
529 4979 738 5046 «permittenti
750 4996 775 5032 a.
