3902 5570
747 445 804 497 on
837 445 870 510 s.
900 445 1094 540 arausio
1124 445 1161 498 r.
1643 426 1675 498 '5

231 679 403 750 feliciter
430 677 746 772 transmigrarit.
776 675 932 752 Verum
963 678 1058 771 quia
1076 682 1176 748 teste
1196 673 1343 750 Sauoio
1365 679 1376 714 ¹
1406 701 1488 749 non
1517 677 1675 750 Jeroso-

231 793 350 896 lymis
378 803 545 892 stetisse,
575 803 643 875 sed
671 801 819 874 ibidem
850 803 951 873 bene
980 802 1125 872 vixisse
1154 801 1355 874 laudabile
1379 803 1673 896 eonrprobatur,

230 928 288 999 ita
307 951 347 999 se
368 928 589 1022 disciplinis
610 927 859 1022 regularibus
878 927 1068 1020 adaptare
1083 927 1259 1018 curabat,
1280 933 1324 998 ut
1344 949 1425 998 nou
1445 927 1553 999 tanc
1584 927 1673 1012 looi,

228 1076 350 1146 quam
380 1076 537 1124 morum
568 1053 871 1124 translationem
902 1075 942 1123 se
979 1053 1134 1124 ermetis
1176 1054 1402 1142 ostenderet
1444 1055 1672 1126 celebrasse.

231 1175 324 1248 Non
344 1179 534 1250 mediocri
554 1182 689 1249 autem
709 1177 842 1248 studio
862 1178 1149 1270 seripturarum
1172 1199 1375 1248 sacrarum
1395 1199 1551 1272 semper
1565 1179 1674 1272 inge-

230 1303 344 1373 nium
375 1305 593 1390 exereebat,
624 1325 696 1373 ueo
724 1303 864 1373 diebus
892 1308 963 1372 aut
992 1302 1175 1372 noctibus
1206 1303 1327 1395 juxte
1368 1305 1671 1398 congruentiam

229 1429 421 1522 temporis
449 1452 472 1498 a
500 1428 708 1522 colloquiis
736 1427 884 1498 divinis
912 1432 982 1498 aut
1001 1427 1181 1498 oratione
1201 1429 1393 1518 cessabat3
1424 1429 1480 1499 ita
1509 1429 1670 1500 demum

229 1551 332 1623 lecta
360 1555 491 1624 tenaci
520 1551 736 1624 memoriae
766 1551 960 1622 sollicitus
989 1552 1307 1640 oonunendabat,
1338 1559 1383 1624 ut
1419 1553 1530 1624 brevi
1574 1558 1673 1624 tem-

230 1677 336 1770 poris
378 1677 505 1770 spatio
548 1677 752 1748 doetrinae
789 1676 919 1770 gratia
947 1681 1168 1748 mereretur
1196 1677 1358 1748 affluere
1386 1679 1490 1748 mira
1518 1679 1672 1750 eunctis

230 1801 397 1872 seientia
425 1802 725 1896 seripturarum.
756 1799 960 1894 Dumque,
990 1801 1095 1872 siout
1123 1800 1310 1891 diximus,
1340 1807 1554 1896 agerentur
1582 1804 1670 1888 ista,

229 1925 399 2018 contigit
419 1926 550 1996 virum
573 1927 786 2020 quemdam
809 1925 934 2018 regali
954 1925 1078 2018 stirpe
1096 1925 1366 2019 progenitum,
1387 1928 1456 2020 qui
1476 1933 1516 1998 et
1530 1927 1672 1998 Petras

162 2092 166 2102 ·
229 2049 373 2122 Infans
405 2051 566 2122 nomine
595 2051 815 2133 dicebatur,
844 2051 1031 2154 fratrum*
1056 2051 1321 2143 quorumdam
1360 2053 1486 2122 nostri
1520 2053 1672 2124 ordinis

229 2173 418 2268 reliquias
437 2198 461 2246 a
480 2174 689 2246 blaroolrio
709 2175 948 2267 deportasse,
978 2173 1127 2267 quique
1155 2175 1310 2246 meritis
1338 2177 1567 2248 eorumdem
1599 2179 1672 2248 mi-

229 2300 409 2371 rabiliter
436 2295 482 2397 (t'.
501 2298 562 2400 ὒν)
591 2299 663 2394 [se]
693 2299 907 2370 liberatum
929 2321 999 2392 per
1018 2321 1158 2370 omnes
1183 2297 1405 2393 Hispaniae
1433 2301 1534 2373 lines
1561 2303 1672 2374 fama

227 2427 372 2498 celebri
403 2427 667 2530 praedicabat.
698 2425 815 2518 Quod
845 2431 889 2495 ut
917 2447 1032 2496 aures
1061 2421 1237 2496 Antonii
1265 2425 1411 2520 attigit,
1432 2450 1525 2498 ruox
1545 2429 1672 2498 acciu·

227 2573 324 2644 gens
352 2551 436 2622 zelo
465 2551 650 2643 martyrii
679 2573 793 2621 renes
821 2571 912 2620 suos
950 2549 1000 2620 ad
1042 2549 1223 2620 ordinem
1252 2550 1421 2620 fratrum
1465 2551 1668 2623 minorum

226 2677 321 2748 totis
350 2676 502 2747 viribus
530 2675 752 2768 aspirabat3
782 2679 822 2745 et
850 2677 1087 2766 ooneeptum
1118 2674 1179 2744 sui
1209 2675 1379 2766 pectoris
1411 2675 1558 2747 erebris
1586 2699 1671 2748 ora-

226 2801 405 2872 tionibus
434 2823 478 2872 ac
501 2799 673 2893 jejuniis
694 2798 856 2870 Christo
875 2797 1121 2892 propositum
1145 2799 1463 2870 commendabat.
1486 2799 1669 2894 Onmque

226 2927 290 2996 die
311 2927 482 3020 quadam
504 2926 647 2996 fratres
666 2925 843 2995 minores
863 2945 883 2993 e
902 2922 1038 2994 ricino
1058 2923 1239 2993 coenobii
1260 2927 1553 2996 commorantes
1573 2925 1669 2998 eloe-

226 3072 416 3142 mosyuae
445 3051 639 3144 petendae
668 3049 795 3142 gratia
823 3069 934 3118 more
963 3047 1080 3118 solito
1109 3047 1377 3136 advenissent,
1393 3049 1487 3120 data
1510 3049 1668 3138 fiducia,

225 3175 333 3266 quod
361 3175 410 3244 ad
440 3181 587 3245 terram
609 3171 900 3246 Saracenorum
920 3171 1052 3264 ipsum
1073 3171 1295 3260 mitterent,
1317 3173 1445 3244 saneti
1464 3173 1667 3247 Francisoi

227 3298 409 3369 habitum
442 3299 483 3368 in
512 3299 598 3391 ipso
626 3297 869 3368 monasterio
898 3296 984 3366 viro
1013 3293 1093 3366 Dei
1122 3295 1190 3366 vix
1219 3297 1384 3368 obtenta
1420 3297 1584 3370 lieentia
1612 3324 1669 3372 se-

226 3422 351 3493 nioris
367 3421 593 3514 imponunt.
611 3397 787 3492 Ferreus
806 3420 929 3522 igitur
948 3441 1083 3490 amore
1098 3421 1283 3512 martyrii
1298 3423 1394 3492 dum
1411 3425 1668 3496 transmissus

224 3569 249 3616 a
277 3546 468 3618 fratribus
497 3545 750 3616 Marochium
781 3551 1021 3638 properaret,
1051 3543 1208 3636 majora
1227 3545 1275 3616 de
1295 3545 1381 3638 ipso
1401 3568 1582 3618 sumruus
1609 3572 1668 3620 ar-

225 3671 330 3744 biter
358 3671 547 3742 ordinans
575 3671 776 3742 intentata
803 3670 912 3740 febre
941 3668 1072 3738 virum
1103 3649 1233 3740 aerius
1274 3655 1503 3764 flagellabat
1545 3677 1584 3743 et
1617 3675 1667 3744 ob

225 3797 518 3890 recuperandae
547 3795 732 3866 sanitatis
760 3793 928 3887 gratiam
959 3793 1009 3862 ad
1038 3796 1187 3862 terram
1222 3793 1446 3866 nativitatis
1488 3818 1580 3868 suae
1609 3821 1667 3869 re-

224 3922 309 3992 ‹lire
338 3921 533 4014 compulit
562 3920 625 3990 vel
655 3919 842 3990 invitum.
874 3915 1057 4010 Cumque
1085 3917 1247 4009 navigio
1275 3919 1378 3990 mari
1420 3921 1570 3992 credito
1612 3922 1668 4022 tli-

183 4113 187 4120 .
223 4051 409 4140 spoueret
438 4046 480 4116 iu
511 4043 753 4137 Hispaniam
783 4063 972 4128 remeare,
1002 4042 1134 4112 ventis
1157 4042 1348 4114 flantibus
1368 4049 1507 4116 eontra
1525 4052 1663 4118 votum

223 4171 361 4242 (lirino
390 4174 494 4241 nutu
523 4169 749 4262 compulsus
778 4171 837 4237 est
858 4165 899 4236 in
920 4163 1080 4238 Siciliae
1109 4168 1289 4259 partibus
1313 4168 1511 4262 applicare
1529 4165 1576 4270 (f.
1594 4169 1665 4271 bl).

330 4582 339 4610 ¹
359 4569 431 4638 Leg.
453 4569 477 4621 Α
498 4585 513 4619 «
528 4566 681 4636 Scriptura
693 4569 767 4620 teste
780 4583 796 4616 r
809 4567 888 4633 (pag.
904 4565 947 4628 ti);
969 4567 1013 4617 est
1025 4567 1147 4618 sanetus
1161 4563 1368 4632 Hieronymus,
1385 4567 1437 4634 qui
1450 4567 1487 4620 ad
1501 4569 1663 4624 Paulinum

223 4659 341 4713 scribit:
362 4676 377 4709 o
397 4658 463 4711 Non
482 4656 675 4726 ierosolymis
694 4654 796 4720 tuisse,
817 4653 868 4707 sed
887 4651 1080 4721 ierosolymis
1100 4652 1175 4706 bene
1193 4653 1304 4707 vixisse
1324 4653 1506 4710 laudandum
1526 4662 1571 4711 est
1585 4677 1599 4708 »
1615 4661 1663 4724 (oi.

224 4746 344 4813 lirosa,
365 4745 423 4798 ΡΡ.
447 4743 524 4812 Lat,
547 4759 623 4810 xxii,
645 4759 712 4812 pag.
734 4741 825 4802 580).·

328 4842 338 4870 ¹
358 4831 457 4887 Codex
477 4851 492 4883 «
506 4839 540 4886 ut
559 4837 658 4886 tamen
677 4837 738 4886 tam
752 4849 783 4896 »ς
805 4830 863 4900 leg.
885 4829 908 4882 A
931 4847 946 4878 (ι
960 4843 1020 4882 non
1034 4833 1094 4882 tarn
1108 4847 1124 4879 »
1144 4833 1222 4898 (pag.
1243 4831 1280 4892 6).
