3880 5568
620 470 630 482 ι
664 409 720 460 nn
751 407 921 460 amaran
951 407 1190 470 ostermaro.
1597 389 1646 460 75

207 639 436 710 ridentibus
465 638 617 726 nmltis,
638 637 707 733 qui
728 639 950 727 adstabant,
971 641 1078 710 t'acto
1106 640 1220 733 signo
1240 641 1367 711 crucis
1387 663 1505 734 super
1525 641 1650 714 oeulis

207 764 333 858 ipsius
353 763 490 834 lumen
511 763 716 856 perditum
732 764 940 856 reaccepit.

315 882 376 986 (7)
404 887 510 958 Item
542 909 639 980 puer
661 887 770 959 alins
790 887 995 959 oculorum
1017 889 1146 961 officio
1168 890 1346 961 totaliter
1366 891 1580 962 destitutus
1600 892 1649 961 ad
1716 913 1718 920 ’

174 1079 178 1094 ,
208 1013 375 1084 tratrem
398 1012 654 1100 (iratiauum,
675 1013 770 1084 dum
792 1013 923 1084 adhuc
943 1013 1108 1097 viveret,
1129 1019 1189 1086 est
1209 1015 1438 1107 perductum
1460 1015 1529 1108 qui
1557 1038 1647 1085 cum

209 1137 369 1230 signnm
404 1137 532 1208 crucis
553 1137 679 1208 caecis
693 1138 819 1208 ocrrlis
839 1138 1114 1230 impressisset,
1131 1161 1228 1232 puer
1257 1139 1365 1210 illico
1385 1140 1521 1210 lumen
1552 1138 1650 1210 coeli

207 1261 342 1333 ridere
371 1261 604 1354 promeruit,
637 1266 681 1332 nt
711 1261 863 1352 protivit,
885 1262 943 1332 ita
962 1263 1068 1356 quod
1088 1285 1219 1334 coram
1244 1263 1394 1350 nmltiS,
1425 1263 1493 1356 qni
1523 1265 1649 1334 adsta-

209 1387 318 1468 bant,
348 1385 628 1479 perforamen
657 1406 751 1454 acus
781 1383 892 1454 tllnm
914 1384 1094 1457 mitteret
1124 1407 1247 1456 rnauu
1276 1408 1359 1457 sna.

317 1510 376 1581 lle
404 1515 609 1580 coactrurto.
634 1506 696 1606 (8)
717 1506 839 1600 Apud
870 1507 1076 1579 masuam
1105 1532 1203 1603 puer
1231 1511 1408 1603 qnidam,
1439 1533 1528 1582 onm
1560 1511 1651 1581 cou-

209 1635 347 1706 traotis
384 1641 422 1706 ct
460 1634 605 1704 clausis
644 1633 829 1704 manibus
858 1639 976 1705 uatus
1004 1634 1121 1722 foret,
1151 1635 1200 1705 ad
1230 1634 1485 1727 sepulchrum
1515 1635 1652 1705 fratris

210 1757 395 1830 Gratiani
438 1759 633 1828 deductus
660 1755 744 1850 'per
781 1757 961 1848 ejusdem
998 1759 1142 1830 merita
1170 1779 1314 1829 uranus
1340 1758 1497 1850 apernit
1526 1759 1566 1828 in
1597 1759 1653 1829 in-

210 1882 332 1953 stanti
354 1887 394 1952 et
421 1881 697 1974 praesentibus
726 1881 918 1952 fratribus
955 1881 1081 1954 nostri
1120 1881 1282 1969 ordinis,
1322 1882 1390 1974 qui
1429 1882 1652 1964 adstabant,

109 1988 112 1994 ¹
209 2028 354 2077 luanus
392 2029 482 2078 surm
519 2006 700 2078 extendit
737 2005 920 2098 protinus
949 2011 989 2076 et
1018 2005 1219 2076 contraxit
1247 2012 1454 2098 tamqnam
1490 2007 1653 2078 sanitati

210 2130 343 2201 debito
372 2130 594 2202 restitutus.
1002 2224 1008 2234 Ι

317 2253 440 2324 slh'ud
467 2255 706 2324 ntimcuhrm.
735 2251 797 2352 (b)
837 2255 940 2326 Item
981 2255 1126 2326 mulier
1163 2256 1356 2348 quaedam
1398 2257 1446 2328 de
1485 2256 1655 2327 dioecesi

210 2377 446 2463 qlasiuuum,
473 2401 563 2449 crrnr
585 2378 712 2484 indie
743 2378 883 2471 (thil)
913 2381 1015 2451 festo
1044 2383 1184 2452 contra
1211 2379 1384 2452 vetitum
1424 2379 1654 2464 laborasset,

210 2501 342 2574 subito
371 2485 580 2575 brachium
611 2504 699 2596 ojus
728 2504 865 2574 divino
892 2505 1049 2597 jndicio
1079 2511 1138 2576 est
1166 2508 1430 2576 contractum.
1463 2503 1574 2595 Quae
1604 2505 1655 2575 ad

211 2629 417 2700 tumulum
447 2629 542 2700 dicti
572 2629 709 2699 t'ratris
743 2630 933 2700 accedens
976 2630 1161 2700 invocato
1204 2630 1400 2722 pracsidio
1444 2629 1652 2700 confestim

212 2755 509 2826 restitutionem
541 2754 690 2826 meruit
719 2777 863 2825 manus
892 2777 997 2826 snae.

228 2951 231 2959 ,
319 2879 403 2972 (10)
424 2879 529 2950 Item
563 2879 706 2950 mulier
725 2878 852 2950 altera
879 2878 1107 2961 flammaue,
1130 2903 1219 2950 cum
1244 2903 1386 2952 manns
1406 2881 1543 2978 ambas
1564 2903 1654 2950 con-

212 3010 358 3075 tractas
388 3004 551 3074 haberet
571 3004 639 3088 ita,
669 3005 775 3096 quod
806 3003 907 3074 nihil
937 3005 1104 3074 ‹nuuiuo
1132 2995 1291 3097 poterat
1320 3005 1486 3096 operari,
1505 3003 1576 3100 [et]
1607 3005 1656 3074 ad

211 3128 466 3222 sepulchrum
496 3127 592 3197 dicti
622 3127 758 3198 fmtris
787 3127 959 3198 adducta
987 3127 1135 3198 ibidem
1166 3127 1323 3198 modico
1358 3135 1536 3221 tempore
1571 3151 1657 3222 per-

212 3253 390 3338 stitisset,
428 3252 745 3343 sarraprotirms
773 3258 813 3322 et
842 3251 1055 3322 incolumis
1098 3274 1166 3342 per
1208 3253 1332 3344 ipsius
1370 3252 1558 3356 suffragia
1601 3277 1658 3324 re-

214 3377 364 3446 meavit
392 3377 434 3446 in
464 3398 546 3446 sna.

320 3501 402 3592 (ll)
425 3496 547 3592 Apud
572 3499 733 3570 'Italum
757 3499 955 3583 Bommlis,
977 3523 1067 3571 curn
1085 3500 1148 3570 die
1163 3500 1334 3592 quodam
1352 3500 1477 3571 frater
1494 3497 1652 3571 Gratia-

214 3647 289 3696 rms
309 3625 469 3718 populo,
490 3625 559 3718 qui
580 3628 833 3711 comenerat,
856 3624 1112 3716 praedicaret,
1134 3633 1350 3716 coeperunt
1370 3625 1532 3718 fulgura
1551 3647 1659 3696 coru-

214 3771 322 3820 scare
342 3754 383 3820 et
398 3747 529 3819 audiri
546 3747 726 3818 t‹mitrna
744 3749 858 3818 valde
878 3771 1036 3842 magna,
1054 3753 1198 3820 vontus
1218 3770 1375 3841 (pirique
1395 3749 1569 3820 turbinis
1589 3749 1659 3818 im-

214 3875 283 3946 bro
303 3874 454 3944 urixtns
474 3873 552 3944 cito
572 3872 692 3942 irruit
711 3894 829 3965 snper
849 3895 927 3958 eos,
948 3872 1004 3943 ita
1026 3869 1166 3968 [quod]
1184 3873 1273 3960 riri,
1290 3873 1357 3965 qui
1374 3877 1658 3958 convenerant,

214 4022 236 4068 a
267 3999 352 4069 loco
380 3989 518 4087 fnpere
548 3995 798 4067 festinarent.
832 3995 971 4066 Frater
999 4019 1093 4066 reru
1124 3995 1345 4067 Gratianus
1374 3998 1571 4068 arlrocans
1598 3999 1659 4067 tu-

214 4122 367 4215 gientes
395 4119 768 4206 fiducialiter-dixit
796 4119 872 4188 eis:
908 4148 923 4184 «
956 4117 1093 4190 Nolite
1113 4095 1424 4212 t'ngor‘e,t'1·artr·es
1454 4119 1545 4207 mei,
1567 4121 1660 4214 quia

215 4251 374 4338 tempus
390 4267 611 4338 congruum
633 4243 841 4313 verbosae
857 4240 1060 4314 Dominus
1081 4243 1189 4313 illico
1206 4243 1442 4336 providebit.
1463 4271 1480 4312 s
1510 4243 1660 4318 Orante

215 4373 349 4440 antem
381 4369 465 4460 ipso
494 4368 534 4437 iu
566 4369 698 4459 partos
739 4367 838 4436 duas
873 4366 1102 4437 ridentibus
1131 4371 1172 4436 et
1201 4366 1442 4437 mirantibus
1475 4367 1661 4468 omnilms

216 4491 353 4584 pluria
381 4513 420 4560 se
463 4489 601 4560 divisit
629 4495 681 4574 ct,
724 4497 921 4580 «plautum
959 4489 1095 4580 ‚jactus
1124 4495 1183 4560 est
1211 4489 1368 4582 lapidis,
1413 4491 1662 4560 retrocedens

216 4615 381 4684 ounriuo
410 4635 491 4683 non
520 4611 654 4704 tetigit
694 4607 840 4710 (1·.98”)
868 4613 1117 4700 assistentem
1161 4614 1229 4684 sod
1258 4618 1298 4683 et
1326 4635 1444 4705 snper
1481 4613 1660 4683 multitu-

216 4737 349 4807 dinem
372 4736 581 4807 hominum
605 4735 647 4804 iu
669 4733 755 4803 loco
776 4735 1084 4828 praedicationis
1104 4737 1330 4806 sedentium
1351 4736 1409 4806 sol
1430 4737 1663 4828 splendebat

217 4861 285 4946 ita,
302 4862 406 4953 qnod
423 4861 498 4930 riri
516 4866 555 4930 ot
570 4858 745 4928 feurinac
762 4859 836 4928 hoc
852 4859 1031 4930 ridentes
1047 4859 1208 4930 divinae
1225 4861 1363 4930 virtuti
1381 4859 1662 4941 sulscribercnt,

217 4987 323 5078 quod
349 4985 482 5056 heluat.
