3902 5570
748 457 804 508 nn
834 459 866 506 s.
897 456 1091 508 sx'romo
1123 457 1158 508 r.
1652 441 1671 507 i

230 687 359 779 ceptio
387 707 659 779 personarum,
693 686 806 756 nulla
840 687 989 757 favoris
1017 686 1185 757 humani
1216 687 1279 756 vel
1307 709 1426 757 aurae
1470 685 1673 779 popularis

230 811 365 904 opinio
385 811 649 900 demulcebat,
665 812 731 882 sed
743 812 864 904 juxta
883 833 1106 882 sermonem
1128 811 1405 906 propheticum
1428 811 1542 904 quasi
1562 809 1673 904 plau-

229 945 355 1006 strum
387 935 581 1006 triturans
608 957 758 1006 novum
788 940 915 1006 rostra
934 957 1074 1030 gerens
1094 935 1291 1007 serrantia
1315 939 1472 1006 montes
1491 940 1672 1011 terrenae

229 1059 490 1130 sublimitatis
518 1059 825 1153 praedicationis
867 1060 1108 1131 comminuit
1136 1067 1256 1153 atque
1285 1059 1416 1148 colles,
1447 1063 1574 1130 status
1603 1059 1671 1130 sol.

229 1182 430 1254 inferioris
458 1183 636 1276 populos,
659 1205 767 1254 more
796 1183 972 1276 pulveris
1001 1183 1284 1254 connninando
1304 1183 1495 1254 detrivit¹
1533 1179 1673 1276 Neque

229 1313 325 1398 puto
345 1305 504 1376 silentio
525 1306 828 1394 transeundum,
845 1307 963 1400 quod,
980 1329 1070 1377 cum
1088 1307 1194 1400 apud
1210 1305 1448 1377 Ariminum
1465 1305 1671 1376 civitatem

229 1431 358 1523 prium
374 1429 517 1500 cursu²
535 1431 596 1500 sui
617 1430 809 1524 temporis
825 1431 1083 1524 praedicaret,
1101 1431 1421 1502 haeresiarcham
1439 1453 1580 1516 mrum,
1601 1430 1673 1499 ltc-

228 1554 370 1624 ncllura
397 1555 573 1644 nornine,
604 1556 653 1626 ad
682 1555 862 1626 veritatis
891 1555 996 1625 riam
1029 1555 1191 1626 Christo
1215 1559 1431 1649 praeeunte
1460 1555 1697 1628 corrrcrtit..

229 1677 384 1771 Nempe
404 1679 510 1750 enim
529 1679 626 1750 talia
646 1685 809 1774 tamque
828 1681 1028 1774 profunda
1047 1681 1095 1752 de
1115 1682 1334 1776 scripturae
1353 1679 1507 1751 sinibus
1526 1679 1673 1750 abditis

229 1801 402 1872 larundo
430 1797 556 1901 (i'.8'')
584 1803 742 1896 eloquin
772 1803 988 1891 eructabat,
1020 1813 1065 1875 nt
1092 1805 1142 1875 ah
1164 1805 1248 1898 ipsc
1269 1803 1420 1876 Christi
1441 1803 1590 1874 vicario
1618 1801 1674 1872 fa-

230 1925 377 1995 miliari
407 1927 577 2018 quudam
611 1928 887 2020 praerogativa
908 1927 1060 2019 gratiae
1081 1928 1262 2021 specialis.
1291 1927 1399 1998 siren
1429 1925 1670 1996 trratcmrnii³

229 2055 450 2120 vocaretur.

336 2171 493 2246 Verum
523 2174 618 2268 quia
646 2174 810 2264 longum
842 2177 946 2246 i'oret
974 2199 1044 2270 per
1072 2176 1229 2271 singula
1267 2176 1463 2247 virtutum
1499 2176 1587 2266 ciris
1614 2175 1674 2244 in-

229 2297 358 2390 signia
387 2299 592 2386 cursitare,
622 2305 797 2392 quotque
821 2300 1048 2393 provincias
1076 2302 1159 2372 sive
1179 2305 1350 2394 quantas
1378 2300 1490 2370 rerhi
1519 2298 1597 2369 Dei
1618 2320 1674 2367 se-

229 2421 339 2492 mine
358 2427 554 2494 terrarum
577 2429 709 2516 partes
729 2424 969 2518 impleverit,
990 2447 1187 2513 enarrare,
1217 2426 1265 2496 ad
1287 2425 1432 2496 ultima
1461 2425 1566 2494 vitae
1585 2423 1673 2516 ejus

230 2553 353 2638 gesta,
370 2569 549 2641 quaeque
565 2549 761 2620 virtutum
780 2548 889 2621 illius
904 2549 1153 2621 evidentiora
1167 2550 1373 2622 declarant
1387 2549 1672 2642 experimenta,

230 2671 321 2741 stilo
351 2672 575 2764 compendii
605 2696 769 2744 manum
801 2681 969 2745 vertam.
1000 2673 1194 2768 Tempore
1223 2695 1396 2768 namque
1426 2673 1590 2766 rralrituli
1611 2695 1674 2764 ge-

230 2797 388 2885 neralis,
418 2819 497 2890 qno
517 2797 624 2868 beati
644 2799 768 2890 patris
788 2798 993 2870 Francisci
1016 2799 1206 2893 reliquiae
1236 2803 1331 2870 sunt
1358 2799 1576 2871 translatae
1597 2795 1674 2868 As-

231 2922 384 3008 sisium,
420 2923 647 3016 generalem
668 2945 692 2994 a
719 2923 905 2995 ministro
935 2925 1086 2996 ordinis
1115 2925 1341 2997 libertatem
1367 2921 1674 3017 praedicationis

230 3046 429 3140 accipiens
457 3046 507 3117 ad
536 3047 741 3118 civitatem
771 3047 935 3120 Paduae
956 3048 1117 3120 Christo
1146 3051 1244 3120 dure
1273 3047 1466 3142 pervenit.
1498 3046 1675 3120 Oernens

231 3169 355 3262 igitur
383 3174 561 3262 tempore
590 3170 924 3264 quadragesimali
953 3173 1148 3244 sermonis
1176 3173 1322 3244 ostium
1353 3172 1499 3265 aperiri
1528 3193 1572 3242 ar
1602 3171 1674 3242 mi·

232 3293 397 3364 nisterio
426 3293 535 3364 verbi
565 3295 747 3366 insistere
776 3296 976 3366 arbitrans
1004 3301 1288 3390 opportunum,
1318 3296 1553 3368 continuato
1581 3317 1675 3388 qua-

231 3417 417 3510 draginta
445 3417 600 3490 dierum
631 3441 799 3491 numero
837 3421 984 3513 populo
1026 3421 1314 3513 poenitentiam
1361 3421 1604 3514 praedicarit
1632 3421 1674 3491 in

232 3543 506 3614 remissionem
529 3549 800 3637 peccatorum3
821 3546 888 3638 qui
919 3545 1013 3616 licet
1036 3547 1285 3638 corpulentia
1306 3546 1480 3617 naturali
1501 3547 1672 3640 quadam

231 3688 388 3758 pressus
425 3667 617 3738 continua
653 3668 815 3762 insuper
847 3669 1119 3762 aegrotatione
1140 3669 1358 3762 langueret,
1380 3671 1429 3738 ob
1452 3671 1676 3758 iuihtigahi-

231 3789 308 3860 lem
337 3796 472 3862 tamen
493 3791 718 3862 animarum
741 3791 870 3862 zelum
902 3794 1389 3886 praedicando,docendo,
1411 3795 1676 3864 ronicssioncs

232 3915 524 4007 poenitentium
554 3916 753 3987 audiendo
781 3917 831 3986 ab
860 3925 952 3988 ortu
979 3917 1072 3988 solis
1102 3919 1150 3988 ad
1180 3941 1359 3990 ‹rcreasum
1391 3915 1512 4012 (aar)
1551 3940 1675 4010 usqne

232 4039 452 4132 perdurans
471 4040 913 4134 semetipsumjejuniis
933 4043 1173 4114 macerabat.
1192 4043 1377 4114 Ceterum
1401 4043 1493 4136 qmu
1516 4043 1676 4112 virtutis

232 4163 414 4234 aemulus
434 4163 603 4235 huniani
623 4165 780 4259 generis
799 4165 989 4237 inimicus
1009 4167 1124 4238 bonis
1143 4167 1298 4238 actibus
1327 4167 1473 4238 nititur
1501 4165 1675 4254 olmiare,

233 4287 350 4358 initio
378 4289 705 4382 quadragesimae
734 4295 978 4362 inanimatae
1007 4291 1085 4362 Dei
1116 4314 1272 4362 seruum
1295 4297 1456 4362 tentans
1484 4313 1508 4361 a·
1537 4313 1676 4384 pnqm-

230 4411 307 4481 sito
336 4412 476 4483 salutis
505 4412 721 4502 inflectere,
752 4421 868 4484 nocte
897 4416 1084 4508 quadam,
1127 4439 1216 4487 cunr
1248 4437 1288 4486 sc
1318 4415 1447 4508 sopori
1491 4416 1674 4498 dedisset,

230 4540 370 4628 guttur
398 4537 485 4629 ejus
504 4537 773 4630 comprimens
793 4537 984 4610 suffocare
1009 4545 1175 4611 conatus
1203 4547 1274 4611 est.
1305 4539 1365 4611 At
1384 4540 1452 4611 illc
1481 4541 1675 4634 gloriosae

339 4796 405 4850 ιΙε.
428 4799 470 4852 ll.
493 4799 543 4852 15:
564 4817 580 4850 <‹
594 4799 658 4868 Ego
677 4799 763 4867 posui
782 4803 811 4854 te
830 4801 915 4868 quasi
935 4801 1103 4882 plaustrum
1122 4803 1266 4856 triturans
1297 4817 1418 4870 notum,
1449 4802 1562 4855 habens
1584 4807 1676 4853 rostra

231 4886 393 4952 serrantia,
414 4887 566 4942 triturabis
585 4893 700 4942 montes
718 4892 748 4942 et
767 4889 962 4954 comminues,
983 4895 1012 4944 et
1031 4890 1122 4944 eolles
1142 4891 1226 4960 quasi
1247 4891 1400 4960 pulverem
1419 4905 1510 4959 pones
1524 4907 1549 4943 ».

338 4971 467 5028 *Codex
487 4994 503 5027 a
517 4991 637 5030 cursum
652 4994 678 5029 a,

338 5064 348 5090 ³
367 5061 466 5118 Codex
486 5084 501 5116 <‹
520 5064 598 5120 Arca
617 5068 784 5121 testamenti
806 5066 931 5122 laederis
952 5084 978 5120 ».
