3902 5570
836 1067 1090 1078 ——a—

623 868 919 972 TABULA
953 867 1323 971 MATERIAE

1627 1331 1690 1370 ΜΠ,
1769 1337 1774 1344 ’

249 1392 388 1448 ercronr
403 1433 1597 1448 ..........................
1645 1409 1689 1446 vu

247 1499 466 1556 Inrnooreno
500 1541 1599 1556 ........................
1661 1517 1692 1555 rx

391 1610 451 1671 51.
473 1609 518 1662 De
536 1612 656 1662 auetoro
679 1608 790 1676 dialogi
830 1648 1598 1664 .................
1660 1624 1691 1662 xr
1749 1588 1753 1596 ¹

391 1713 451 1775 52.
473 1713 518 1767 De
538 1713 660 1768 materia
679 1717 709 1767 et
731 1713 862 1768 lontibus
878 1753 1597 1768 ................
1652 1731 1689 1768 xi·

392 1826 406 1882 ξ
426 1823 452 1874 3,
474 1819 519 1874 De
537 1820 668 1875 utilitate
685 1821 770 1875 illius
785 1861 1550 1876 .................
1612 1837 1689 1875 xvrrr

247 1927 418 1982 Pnonour's
449 1965 1407 1982 .....................
1430 1913 1455 1984 ’.
1497 1971 1503 1982 .
1545 1969 1550 1983 .
1592 1971 1597 1982 .
1676 1931 1686 1981 l

246 2034 292 2089 De
311 2033 341 2088 S.
363 2033 492 2090 Antonio
511 2035 656 2090 Petevino
685 2075 1596 2091 ....................
1677 2038 1687 2090 1

245 2142 292 2196 De
310 2143 372 2198 vite
391 2149 421 2198 et
440 2143 591 2198 miraculis
610 2144 688 2198 beati
709 2143 894 2198 Benevenuti
914 2143 1067 2214 Eugubini
1113 2184 1118 2197 .
1161 2140 1176 2198 .“
1209 2184 1594 2200 .........
1654 2146 1689 2200 96

245 2250 291 2304 Do
311 2251 373 2304 rite
390 2255 420 2306 et
439 2250 591 2305 miraculis
609 2251 707 2305 fratris
726 2249 874 2305 Ambrosii
895 2249 1119 2306 Messanensie.
1162 2292 1166 2304 .
1209 2293 1215 2305 .
1257 2293 1262 2304 .
1305 2293 1310 2304 .
1353 2293 1358 2304 .
1400 2293 1406 2305 .
1448 2292 1454 2305 .
1496 2293 1501 2305 .
1544 2293 1549 2306 .
1592 2294 1597 2306 .
1655 2253 1688 2308 51
1733 2292 1738 2299 .

244 2357 291 2412 De
310 2360 398 2413 fratre
417 2357 569 2426 Gratiano,
589 2358 641 2427 qui
662 2358 820 2426 requiescit
838 2357 961 2412 Auximi
970 2399 1595 2413 ..............
1654 2361 1689 2415 73

243 2465 291 2520 De
309 2467 398 2519 fratre
418 2463 567 2518 Metthneo
586 2464 744 2518 Narniensi
781 2505 1597 2520 ..................
1655 2467 1690 2521 te·

156 2629 158 2634 ,
244 2573 291 2627 De
311 2575 399 2628 fratre
419 2573 553 2642 lingerio,
574 2573 627 2642 qui
647 2572 805 2641 requiescit
824 2571 948 2626 Tuderti
970 2613 1596 2629 ..............
1655 2577 1689 2630 79

243 2681 291 2735 De
310 2681 398 2735 tratre
418 2681 512 2734 Paulo
531 2653 568 2734 de
588 2679 720 2734 Merehie
732 2720 1596 2738 ...................
1654 2685 1689 2738 99

245 2787 292 2842 De
313 2791 401 2842 fratre
420 2787 591 2841 Hermanno
611 2787 772 2856 Fulginate
784 2827 1598 2845 ..................
1655 2793 1689 2846 iit

243 2893 291 2948 De
310 2895 399 2948 irntre
419 2894 546 2950 Muttine
594 2935 1597 2952 ......................
1654 2901 1689 2953 96

245 2999 291 3056 De
310 3001 399 3056 fratre
419 3000 585 3068 Dominieo,
606 3001 657 3070 qui
678 3001 837 3069 requiescit
855 3001 935 3070 apud
954 2999 1097 3056 Sennium
1118 3001 1266 3056 Marinum
1306 3044 1597 3058 .......
1654 3005 1687 3058 97

244 3106 291 3162 De
310 3109 398 3161 l'rntre
418 3107 578 3174 Bernnrdo,
599 3108 651 3176 qui
671 3108 831 3176 requiescit
849 3108 880 3160 in
901 3107 998 3162 Massa
1019 3147 1596 3166 .............
1654 3115 1688 3160 99

244 3213 290 3268 De
309 3215 399 3268 tratre
418 3213 504 3268 Petro
524 3213 560 3268 de
581 3213 680 3268 Monte
700 3213 836 3268 Ulmonls
877 3253 882 3267 .
924 3255 929 3267 .
958 3229 976 3267 ·.
1019 3189 1030 3268 s
1067 3255 1596 3272 ............
1655 3221 1689 3271 98

244 3319 290 3374 De
309 3321 398 3374 tratre
417 3319 582 3388 Leonardo,
602 3321 654 3390 qni
675 3320 833 3388 requiescit
853 3321 973 3404 Piperni
1020 3361 1597 3378 .............
1655 3327 1690 3378 ill)

244 3427 290 3482 De
308 3429 398 3481 tratre
417 3427 601 3482 Tentnlbene
640 3468 1597 3484 .....................
1654 3433 1687 3484 tu
1773 3405 1795 3466 .'

229 3531 290 3586 ·De
309 3535 398 3588 fratre
418 3533 529 3586 Jacobo
547 3531 584 3588 de
602 3531 715 3587 Assieio
731 3574 1595 3590 ...................
1654 3537 1687 3591 91

244 3637 291 3691 De
309 3639 398 3692 l'retre
417 3637 504 3692 Petro
522 3638 560 3692 de
579 3637 677 3692 Trono
686 3679 1595 3696 ....................
1653 3645 1688 3698 92

244 3743 290 3797 De
309 3745 397 3800 frntre
417 3745 541 3809 Othone,
562 3745 615 3814 qui
635 3745 793 3814 requiescit
812 3745 902 3800 Polee
921 3787 1595 3804 ...............
1653 3751 1687 3805 ili

244 3849 290 3904 De
309 3853 343 3904 ir.
364 3849 460 3904 Adam
479 3851 555 3906 Rul'o
591 3890 1596 3911 .......................
1654 3859 1688 3912 ilo·

243 3954 289 4008 De
308 3957 342 4010 fr.
365 3955 526 4012 Gnilielrno
545 3957 582 4011 de
601 3955 738 4012 Cordella
780 3999 1596 4016 ..................
1654 3967 1688 4017 98

243 4058 290 4114 De
308 4061 473 4116 vislonibus
492 4063 640 4116 lrntrum.
682 4104 688 4116 .
730 4051 755 4116 .’
777 4104 1594 4122 ..................
1652 4069 1687 4121 99

243 4163 344 4225 qunx
368 4167 583 4224 Porsennam
604 4183 645 4222 nr
666 4167 818 4223 Locorum
873 4211 877 4222 .
920 4211 925 4222 .
968 4211 973 4223 .
1016 4212 1047 4230 .,
1064 4211 1593 4227 ............
1635 4173 1682 4226 191
