3880 5568
646 456 703 507 nn
735 454 981 507 r1sronrsus
1010 453 1234 506 nemeen.
1582 431 1660 504 105

213 687 334 760 ceteri
364 685 620 758 festinantius
648 688 906 758 accurrerunt
934 690 974 756 et
993 689 1177 756 enarrata
1205 684 1475 778 perordinem
1505 683 1660 755 visione

212 811 343 882 multa
371 797 642 881 consolatione
671 811 712 880 in
744 807 923 880 Domino
952 814 1046 880 sunt
1076 809 1262 902 perfusi.¹

321 936 502 1006 eludium.
524 933 561 1004 N
565 957 615 1004 en
645 934 773 1006 solum
805 933 1030 1005 sedulitatis
1058 933 1261 1026 angelicae
1291 933 1394 1003 eirca
1414 955 1487 1004 nos
1515 932 1660 1004 caritas

212 1081 261 1130 ex
292 1059 365 1130 lroe
397 1061 501 1130 fecto
543 1059 759 1153 colligitur,
804 1081 941 1128 rernm
974 1058 1095 1128 etiarn
1139 1057 1399 1129 confessionis
1443 1057 1658 1130 necessitas

213 1184 364 1276 pariter
392 1185 702 1254 demonstratur.

421 1431 620 1524 (Sequitur
649 1438 838 1503 tractulus
867 1432 912 1502 dc
941 1432 1159 1502 trecentae
1188 1429 1457 1524 corifi-rrimus:

639 1557 766 1647 potnit
797 1563 980 1628 murator
998 1553 1075 1650 fol
1107 1557 1229 1646 133⁰ss

322 1805 386 1875 De
419 1805 492 1874 lroc
530 1827 623 1899 ergo
662 1805 922 1876 confessionis
959 1804 1093 1875 debito
1127 1804 1322 1875 visionem
1357 1805 1587 1896 quamdam,
1625 1805 1657 1876 si

212 1930 356 2024 placet,
387 1929 567 2018 enuntio,
597 1953 717 2023 qnam
749 1929 909 2000 mulieri
939 1929 1096 2000 cuidam
1137 1951 1208 2022 per
1240 1929 1404 1999 fratrem
1443 1929 1657 2022 quemdam

212 2055 337 2125 nostri
368 2054 521 2125 ordinis
550 2054 816 2126 referentibus
846 2053 922 2125 lide
951 2053 1083 2148 dignis
1112 2053 1328 2126 revelatam
1360 2053 1509 2124 audivi.

321 2179 463 2248 Frater
492 2200 667 2272 namque
697 2178 961 2250 (hsnwnnus
989 2179 1096 2271 apud
1115 2178 1257 2249 silvam
1281 2179 1329 2248 de
1350 2175 1489 2250 Mollia
1509 2178 1550 2249 in
1572 2179 1659 2248 loce

213 2305 385 2398 quedam
417 2303 573 2375 deserto
603 2325 627 2373 a
654 2303 847 2374 fratribus
876 2303 1101 2374 tumulatus
1129 2301 1291 2373 mulieri
1322 2302 1480 2373 cuidam
1502 2303 1550 2374 de
1569 2325 1664 2397 pro·

209 2429 345 2498 vincia
365 2428 596 2520 supradicta-
617 2428 659 2497 in
680 2428 832 2498 somnis
851 2427 1037 2519 apparuit
1057 2428 1193 2498 dicens
1209 2425 1329 2496 illia«
1353 2423 1479 2520 Surge
1499 2431 1538 2498 et
1557 2429 1658 2499 vade

210 2552 262 2623 ad
290 2553 579 2623 monasterinm
610 2551 738 2623 sancti
769 2549 964 2644 Stephani
994 2550 1042 2620 de
1063 2549 1168 2644 Ripa
1188 2555 1228 2622 et
1247 2551 1311 2622 dic
1344 2551 1553 2640 monacho,
1574 2550 1659 2622 Tri-

210 2683 382 2770 stangno
402 2671 533 2772 (134’“)
553 2676 731 2761 nomine,
754 2681 798 2744 ut
827 2696 970 2767 cerpus
999 2697 1132 2744 meum
1163 2675 1210 2745 de
1240 2674 1341 2745 silva
1361 2675 1557 2762 extrahat,
1578 2697 1658 2768 qna
1697 2742 1699 2747 .

212 2821 320 2870 nune
334 2801 456 2894 ‘jacet
480 2825 497 2864 »
524 2801 707 2892 (lamque
729 2799 886 2886 mulier,
908 2799 1013 2892 quod
1030 2799 1112 2890 ipse
1126 2795 1316 2890 jusserat,
1337 2801 1466 2868 t'seere
1490 2819 1569 2868 nen
1590 2822 1657 2869 eu-

211 2927 348 3008 rasset,
365 2928 481 2994 nocte
497 2921 624 2992 altera
640 2923 805 2994 veniens
825 2921 882 2993 ait
901 2923 958 2993 ei:
986 2949 1003 2989 ‹<
1026 2920 1068 2992 si
1090 2943 1170 2992 nou
1191 2921 1310 2992 iveris
1329 2922 1379 2992 ad
1400 2923 1656 3012 menaehem,

213 3051 257 3117 ut
277 3046 373 3130 dixi,
395 3046 531 3116 taliter
550 3047 694 3116 faciam
719 3051 757 3116 te
777 3046 919 3138 aptari,
948 3047 1055 3138 ‹lnod
1074 3047 1122 3116 de
1142 3045 1229 3116 loco
1248 3047 1296 3130 ad
1318 3045 1448 3116 lecum
1465 3047 1552 3139 jam
1574 3069 1656 3117 non

212 3171 362 3262 poteris
390 3176 428 3241 te
449 3192 621 3240 movere.
647 3197 663 3234 »
688 3149 983 3240 Dissimulantc
1003 3175 1139 3240 autem
1160 3169 1656 3263 illa,quod1nandareret,

211 3294 443 3386 adimplere,
474 3317 563 3364 ecce
593 3293 758 3365 veniens
780 3299 903 3364 nocte
933 3294 1051 3365 tertia
1080 3317 1171 3365 cnm
1193 3294 1431 3386 quibusdam
1452 3294 1549 3364 fecit
1568 3317 1656 3364 earn

210 3418 371 3504 fortiter
399 3418 607 3512 flagellari.
649 3417 802 3489 Educta
829 3441 923 3512 ergo
961 3418 1194 3490 verberibus
1226 3419 1374 3489 mulier
1411 3420 1534 3489 verba
1560 3419 1657 3490 tulit

210 3543 260 3613 ad
277 3543 535 3630 monachum,
552 3565 653 3636 quae
673 3543 893 3613 mandarit.
912 3541 1068 3633 Quibus
1087 3543 1235 3614 auditis
1256 3565 1421 3636 surgens
1436 3545 1657 3615 rrronaclnrs

210 3665 451 3737 festinanter
467 3668 572 3737 etad
592 3667 736 3737 fratres
752 3666 917 3738 ueniens
936 3690 1008 3759 pre
1024 3689 1190 3738 munere
1205 3667 1438 3762 postularit,
1455 3669 1501 3737 ut
1515 3690 1657 3760 corpus

211 3790 406 3884 praedicti
435 3791 572 3861 fratris
606 3790 680 3860 sini
716 3790 934 3861 transferre
973 3791 1255 3884 permitterent
1289 3791 1330 3860 in
1366 3791 1498 3861 locum
1529 3791 1655 3862 alium

209 3915 509 3985 ‹errrnlecentenn
523 3913 685 3984 Fratres
696 3921 829 3984 amem
848 3914 1091 3985 lrurnilitatis
1102 3936 1221 3986 oense
1231 3921 1445 3986 renuentes
1460 3916 1653 3987 assentire

210 4039 407 4108 monacho
437 4019 669 4108 nullatenus
699 4038 925 4124 voluerunt,
948 4061 996 4109 ne
1027 4039 1213 4110 videlicet
1241 4039 1557 4134 praesumptioni
1578 4039 1654 4110 sibi

208 4163 332 4255 possit
360 4161 545 4254 impingi,
575 4162 689 4254 quasi
718 4162 855 4233 fratris
883 4163 1062 4233 defuncti
1092 4162 1272 4232 fimbrias
1303 4163 1559 4256 magnificare
1588 4186 1653 4233 cu-

209 4293 357 4358 rarent.
389 4285 559 4357 Interim
583 4291 716 4357 antem
739 4287 825 4357 vice
845 4289 989 4380 quarta
1008 4286 1112 4357 sieut
1132 4285 1241 4378 prius
1260 4281 1386 4356 frater
1406 4287 1656 4358 Gismundus

210 4411 396 4504 apparuit
426 4410 601 4500 nmlieri,
631 4410 920 4503 videbaturque
948 4433 1037 4481 cun]
1070 4433 1116 4481 ee
1146 4411 1318 4481 fratrum
1348 4411 1525 4481 maxima
1554 4412 1656 4482 mul-

317 4723 325 4750 ¹
345 4717 432 4771 Brevi
450 4719 530 4772 idem
551 4721 638 4770 refert
657 4715 820 4769 Bsnrnon.
843 4716 905 4768 l'rs.
928 4715 946 4768 l.
969 4733 994 4768 c.
1016 4716 1050 4768 lr.
1073 4731 1115 4769 rx.
1136 4731 1165 4785 p.
1189 4732 1221 4769 u.
1244 4716 1300 4783 (ed.
1323 4733 1343 4769 1.
1365 4717 1414 4770 lel.
1436 4720 1656 4784 ct·11’');verba

210 4805 312 4860 Pisani
336 4808 440 4876 repetit
458 4807 618 4876 Speculum
639 4805 711 4858 ratae
729 4805 803 4858 barli
816 4804 968 4860 Fra-ncisci
986 4807 1012 4858 el
1031 4804 1180 4858 saroam
1199 4807 1263 4873 mur
1282 4805 1339 4866 (ed.
1357 4806 1437 4862 ladit
1456 4807 1505 4860 fol.
1527 4806 1605 4860 233r.
1619 4837 1657 4846 -

209 4893 324 4948 ll'nun.
346 4893 383 4946 nd
402 4909 450 4948 an.
472 4894 541 4947 1249
562 4911 590 4946 n.
613 4909 645 4946 xi
665 4893 736 4946 haee
756 4892 845 4946 rerba
865 4891 972 4948 hebet:
1000 4910 1015 4943 <‹
1028 4892 1063 4946 In
1087 4893 1240 4966 provincia
1259 4889 1289 4946 S.
1312 4892 1461 4947 Francisei
1481 4895 1512 4946 in
1532 4893 1656 4948 l'mbria

209 4983 314 5037 beatus
333 4985 422 5036 l'rater
441 4983 545 5038 Petrus
565 4983 602 5036 de
621 4980 743 5048 Assisie,
764 4981 816 5049 qui
842 4981 987 5036 invitatus
1012 4982 1049 5035 ad
1074 4981 1200 5051 gloriam
1226 4997 1278 5050 per
1296 4983 1438 5050 angelum
1466 4983 1653 5050 admonetur,

209 5076 244 5126 ut
264 5070 412 5138 quoddam
432 5077 585 5140 peceatum
607 5072 638 5124 in
658 5069 776 5124 saeculo
795 5071 985 5125 commissum
1005 5071 1194 5125 confiteretur
1206 5089 1231 5124 ».
