<?xml version="1.0" encoding="UTF-8"?>
<!DOCTYPE html PUBLIC "-//W3C//DTD XHTML 1.0 Transitional//EN"
    "http://www.w3.org/TR/xhtml1/DTD/xhtml1-transitional.dtd">
<html xmlns="http://www.w3.org/1999/xhtml" xml:lang="en" lang="en">
 <head>
  <title>
</title>
<meta http-equiv="Content-Type" content="text/html;charset=utf-8" />
  <meta name='ocr-system' content='tesseract 3.04.00' />
  <meta name='ocr-capabilities' content='ocr_page ocr_carea ocr_par ocr_line ocrx_word'/>
</head>
<body>
  <div class='ocr_page' id='page_1' title='image "./dialogusdevitis00lemmgoog_0055.png"; bbox 0 0 3902 5570; ppageno 0'>
   <div class='ocr_carea' id='block_1_1' title="bbox 261 387 1186 478">
    <p class='ocr_par' dir='ltr' id='par_1_1' title="bbox 261 387 1186 478">
     <span class='ocr_line' id='line_1_1' title="bbox 261 387 1186 478; baseline -0.002 -19"><span class='ocrx_word' id='word_1_1' title='bbox 261 387 311 460; x_wconf 71' lang='grc'>24</span> <span class='ocrx_word' id='word_1_2' title='bbox 600 475 602 478; x_wconf 17' lang='lat'>¹</span> <span class='ocrx_word' id='word_1_3' title='bbox 777 408 834 458; x_wconf 87' lang='lat' dir='ltr'>nn</span> <span class='ocrx_word' id='word_1_4' title='bbox 863 407 895 460; x_wconf 89' lang='lat' dir='ltr'>s.</span> <span class='ocrx_word' id='word_1_5' title='bbox 926 407 1119 460; x_wconf 68' lang='lat' dir='ltr'>sarcinio</span> <span class='ocrx_word' id='word_1_6' title='bbox 1150 408 1186 458; x_wconf 85' lang='lat' dir='ltr'>r.</span> 
     </span>
    </p>
   </div>
   <div class='ocr_carea' id='block_1_2' title="bbox 171 636 1703 1832">
    <p class='ocr_par' dir='ltr' id='par_1_2' title="bbox 171 636 1703 1832">
     <span class='ocr_line' id='line_1_2' title="bbox 259 636 1703 732; baseline -0.001 -24"><span class='ocrx_word' id='word_1_7' title='bbox 259 639 452 710; x_wconf 88' lang='lat' dir='ltr'>volabant</span> <span class='ocrx_word' id='word_1_8' title='bbox 479 645 519 710; x_wconf 91' lang='lat' dir='ltr'>et</span> <span class='ocrx_word' id='word_1_9' title='bbox 547 639 712 710; x_wconf 86' lang='lat' dir='ltr'>feminei</span> <span class='ocrx_word' id='word_1_10' title='bbox 742 639 904 732; x_wconf 91' lang='lat' dir='ltr'>pudoris</span> <span class='ocrx_word' id='word_1_11' title='bbox 932 639 1079 710; x_wconf 89' lang='lat' dir='ltr'>oblitae</span> <span class='ocrx_word' id='word_1_12' title='bbox 1108 638 1342 709; x_wconf 78' lang='lat' dir='ltr'><strong>madefactis</strong></span> <span class='ocrx_word' id='word_1_13' title='bbox 1362 637 1523 708; x_wconf 89' lang='lat' dir='ltr'>natibus</span> <span class='ocrx_word' id='word_1_14' title='bbox 1542 659 1587 708; x_wconf 88' lang='lat' dir='ltr'>ac</span> <span class='ocrx_word' id='word_1_15' title='bbox 1608 636 1703 708; x_wconf 89' lang='lat' dir='ltr'>totis</span> 
     </span>
     <span class='ocr_line' id='line_1_3' title="bbox 260 761 1702 858; baseline -0.001 -26"><span class='ocrx_word' id='word_1_16' title='bbox 260 765 437 835; x_wconf 88' lang='lat' dir='ltr'>vestibus</span> <span class='ocrx_word' id='word_1_17' title='bbox 457 765 570 858; x_wconf 90' lang='lat' dir='ltr'>aquis</span> <span class='ocrx_word' id='word_1_18' title='bbox 599 765 816 835; x_wconf 88' lang='lat' dir='ltr'>extrahunt</span> <span class='ocrx_word' id='word_1_19' title='bbox 844 763 1089 834; x_wconf 71' lang='lat' dir='ltr'>obvolutam.</span> <span class='ocrx_word' id='word_1_20' title='bbox 1120 761 1264 853; x_wconf 80' lang='lat' dir='ltr'>Quarn,</span> <span class='ocrx_word' id='word_1_21' title='bbox 1294 785 1383 832; x_wconf 93' lang='lat' dir='ltr'>cnm</span> <span class='ocrx_word' id='word_1_22' title='bbox 1415 762 1558 832; x_wconf 86' lang='lat' dir='ltr'>educta</span> <span class='ocrx_word' id='word_1_23' title='bbox 1585 761 1702 848; x_wconf 90' lang='lat' dir='ltr'>foret,</span> 
     </span>
     <span class='ocr_line' id='line_1_4' title="bbox 260 885 1703 979; baseline -0.003 -20"><span class='ocrx_word' id='word_1_24' title='bbox 260 889 301 959; x_wconf 95' lang='lat' dir='ltr'>in</span> <span class='ocrx_word' id='word_1_25' title='bbox 331 888 448 960; x_wconf 92' lang='lat' dir='ltr'>litore</span> <span class='ocrx_word' id='word_1_26' title='bbox 477 887 728 974; x_wconf 85' lang='lat' dir='ltr'>collocantes,</span> <span class='ocrx_word' id='word_1_27' title='bbox 757 888 906 959; x_wconf 91' lang='lat' dir='ltr'>mirum</span> <span class='ocrx_word' id='word_1_28' title='bbox 937 891 1054 974; x_wconf 89' lang='lat' dir='ltr'>certe,</span> <span class='ocrx_word' id='word_1_29' title='bbox 1085 887 1190 979; x_wconf 89' lang='lat' dir='ltr'>quod</span> <span class='ocrx_word' id='word_1_30' title='bbox 1219 909 1357 956; x_wconf 90' lang='lat' dir='ltr'>narro:</span> <span class='ocrx_word' id='word_1_31' title='bbox 1379 885 1615 956; x_wconf 90' lang='lat' dir='ltr'>mulieribus</span> <span class='ocrx_word' id='word_1_32' title='bbox 1644 907 1703 955; x_wconf 89' lang='lat' dir='ltr'>ee·</span> 
     </span>
     <span class='ocr_line' id='line_1_5' title="bbox 259 1010 1702 1106; baseline -0.003 -23"><span class='ocrx_word' id='word_1_33' title='bbox 259 1013 355 1092; x_wconf 84' lang='lat' dir='ltr'>teris</span> <span class='ocrx_word' id='word_1_34' title='bbox 389 1013 745 1106; x_wconf 76' lang='lat' dir='ltr'>contorquentibus</span> <span class='ocrx_word' id='word_1_35' title='bbox 773 1021 902 1083; x_wconf 87' lang='lat' dir='ltr'>vestes</span> <span class='ocrx_word' id='word_1_36' title='bbox 931 1033 1020 1083; x_wconf 89' lang='lat' dir='ltr'>suas</span> <span class='ocrx_word' id='word_1_37' title='bbox 1049 1015 1089 1082; x_wconf 91' lang='lat' dir='ltr'>et</span> <span class='ocrx_word' id='word_1_38' title='bbox 1117 1034 1311 1104; x_wconf 87' lang='lat' dir='ltr'>aquarum</span> <span class='ocrx_word' id='word_1_39' title='bbox 1342 1011 1496 1102; x_wconf 91' lang='lat' dir='ltr'>copiam</span> <span class='ocrx_word' id='word_1_40' title='bbox 1536 1010 1702 1081; x_wconf 87' lang='lat' dir='ltr'>educen-</span> 
     </span>
     <span class='ocr_line' id='line_1_6' title="bbox 258 1134 1699 1230; baseline -0.002 -23"><span class='ocrx_word' id='word_1_41' title='bbox 258 1137 379 1224; x_wconf 89' lang='lat' dir='ltr'>tibns,</span> <span class='ocrx_word' id='word_1_42' title='bbox 409 1137 495 1230; x_wconf 87' lang='lat' dir='ltr'>ipsa</span> <span class='ocrx_word' id='word_1_43' title='bbox 524 1161 616 1208; x_wconf 90' lang='lat' dir='ltr'>vero</span> <span class='ocrx_word' id='word_1_44' title='bbox 646 1160 717 1207; x_wconf 90' lang='lat' dir='ltr'>nec</span> <span class='ocrx_word' id='word_1_45' title='bbox 747 1136 815 1207; x_wconf 91' lang='lat' dir='ltr'>tilo</span> <span class='ocrx_word' id='word_1_46' title='bbox 844 1136 1108 1230; x_wconf 77' lang='lat' dir='ltr'>subtegminis</span> <span class='ocrx_word' id='word_1_47' title='bbox 1151 1136 1380 1206; x_wconf 77' lang='lat' dir='ltr'>lmmefaeto</span> <span class='ocrx_word' id='word_1_48' title='bbox 1417 1155 1535 1227; x_wconf 88' lang='lat' dir='ltr'>snper</span> <span class='ocrx_word' id='word_1_49' title='bbox 1572 1134 1699 1226; x_wconf 89' lang='lat' dir='ltr'>ripam</span> 
     </span>
     <span class='ocr_line' id='line_1_7' title="bbox 259 1258 1703 1355; baseline -0.003 -23"><span class='ocrx_word' id='word_1_50' title='bbox 259 1261 440 1333; x_wconf 77' lang='lat' dir='ltr'>fluminis</span> <span class='ocrx_word' id='word_1_51' title='bbox 468 1265 634 1332; x_wconf 88' lang='lat' dir='ltr'>inventa</span> <span class='ocrx_word' id='word_1_52' title='bbox 662 1266 733 1334; x_wconf 90' lang='lat' dir='ltr'>est.</span> <span class='ocrx_word' id='word_1_53' title='bbox 763 1261 879 1352; x_wconf 80' lang='lat' dir='ltr'>Quod</span> <span class='ocrx_word' id='word_1_54' title='bbox 908 1261 1070 1355; x_wconf 91' lang='lat' dir='ltr'>quidem</span> <span class='ocrx_word' id='word_1_55' title='bbox 1090 1261 1241 1331; x_wconf 85' lang='lat' dir='ltr'>factum</span> <span class='ocrx_word' id='word_1_56' title='bbox 1273 1259 1344 1330; x_wconf 89' lang='lat' dir='ltr'>etsi</span> <span class='ocrx_word' id='word_1_57' title='bbox 1369 1259 1548 1330; x_wconf 83' lang='lat' dir='ltr'>fatuitati</span> <span class='ocrx_word' id='word_1_58' title='bbox 1570 1258 1703 1352; x_wconf 75' lang='lat' dir='ltr'>lintius</span> 
     </span>
     <span class='ocr_line' id='line_1_8' title="bbox 259 1383 1702 1480; baseline -0.001 -24"><span class='ocrx_word' id='word_1_59' title='bbox 259 1387 533 1476; x_wconf 86' lang='lat' dir='ltr'>adscribinms,</span> <span class='ocrx_word' id='word_1_60' title='bbox 555 1409 674 1480; x_wconf 86' lang='lat' dir='ltr'>quam</span> <span class='ocrx_word' id='word_1_61' title='bbox 696 1386 850 1474; x_wconf 89' lang='lat' dir='ltr'>virtuti,</span> <span class='ocrx_word' id='word_1_62' title='bbox 880 1386 1003 1480; x_wconf 89' lang='lat' dir='ltr'>patris</span> <span class='ocrx_word' id='word_1_63' title='bbox 1032 1390 1168 1456; x_wconf 90' lang='lat' dir='ltr'>tamen</span> <span class='ocrx_word' id='word_1_64' title='bbox 1202 1384 1443 1455; x_wconf 72' lang='lat' dir='ltr'>sanctissimi</span> <span class='ocrx_word' id='word_1_65' title='bbox 1471 1383 1569 1454; x_wconf 90' lang='lat' dir='ltr'>baec</span> <span class='ocrx_word' id='word_1_66' title='bbox 1597 1383 1702 1476; x_wconf 88' lang='lat' dir='ltr'>apud</span> 
     </span>
     <span class='ocr_line' id='line_1_9' title="bbox 171 1503 1702 1604; baseline -0.003 -22"><span class='ocrx_word' id='word_1_67' title='bbox 171 1503 174 1508; x_wconf 70' lang='grc'>’</span> <span class='ocrx_word' id='word_1_68' title='bbox 261 1510 392 1582; x_wconf 89' lang='lat' dir='ltr'>Deum</span> <span class='ocrx_word' id='word_1_69' title='bbox 425 1512 568 1582; x_wconf 87' lang='lat' dir='ltr'>merita</span> <span class='ocrx_word' id='word_1_70' title='bbox 598 1511 772 1604; x_wconf 86' lang='lat' dir='ltr'>potuisse</span> <span class='ocrx_word' id='word_1_71' title='bbox 801 1511 999 1581; x_wconf 88' lang='lat' dir='ltr'>eredimus</span> <span class='ocrx_word' id='word_1_72' title='bbox 1032 1510 1225 1598; x_wconf 79' lang='lat' dir='ltr'>oldinere,</span> <span class='ocrx_word' id='word_1_73' title='bbox 1255 1514 1312 1597; x_wconf 91' lang='lat' dir='ltr'>ut,</span> <span class='ocrx_word' id='word_1_74' title='bbox 1342 1530 1459 1602; x_wconf 87' lang='lat' dir='ltr'>quem</span> <span class='ocrx_word' id='word_1_75' title='bbox 1492 1530 1583 1578; x_wconf 89' lang='lat' dir='ltr'>vere</span> <span class='ocrx_word' id='word_1_76' title='bbox 1612 1508 1702 1578; x_wconf 88' lang='lat' dir='ltr'>sim-</span> 
     </span>
     <span class='ocr_line' id='line_1_10' title="bbox 259 1633 1700 1730; baseline -0.001 -26"><span class='ocrx_word' id='word_1_77' title='bbox 259 1635 451 1728; x_wconf 85' lang='lat' dir='ltr'>plicitatis</span> <span class='ocrx_word' id='word_1_78' title='bbox 480 1659 636 1730; x_wconf 89' lang='lat' dir='ltr'>semper</span> <span class='ocrx_word' id='word_1_79' title='bbox 664 1635 838 1706; x_wconf 87' lang='lat' dir='ltr'>amicum</span> <span class='ocrx_word' id='word_1_80' title='bbox 869 1635 1047 1706; x_wconf 84' lang='lat' dir='ltr'>extitisse</span> <span class='ocrx_word' id='word_1_81' title='bbox 1085 1634 1357 1726; x_wconf 73' lang='lat' dir='ltr'>cogrnn’imus,</span> <span class='ocrx_word' id='word_1_82' title='bbox 1401 1633 1700 1725; x_wconf 87' lang='lat' dir='ltr'>simplicitatem</span> 
     </span>
     <span class='ocr_line' id='line_1_11' title="bbox 258 1757 1662 1832; baseline -0.002 -2"><span class='ocrx_word' id='word_1_83' title='bbox 258 1761 435 1832; x_wconf 87' lang='lat' dir='ltr'>feminae</span> <span class='ocrx_word' id='word_1_84' title='bbox 464 1761 557 1832; x_wconf 88' lang='lat' dir='ltr'>licet</span> <span class='ocrx_word' id='word_1_85' title='bbox 586 1761 751 1832; x_wconf 87' lang='lat' dir='ltr'>stultam</span> <span class='ocrx_word' id='word_1_86' title='bbox 784 1759 924 1830; x_wconf 90' lang='lat' dir='ltr'>mediis</span> <span class='ocrx_word' id='word_1_87' title='bbox 952 1759 1138 1830; x_wconf 85' lang='lat' dir='ltr'>fluctibus</span> <span class='ocrx_word' id='word_1_88' title='bbox 1166 1762 1418 1830; x_wconf 75' lang='lat' dir='ltr'>conservaret</span> <span class='ocrx_word' id='word_1_89' title='bbox 1446 1757 1662 1828; x_wconf 81' lang='lat' dir='ltr'>illaesanr.¹</span> 
     </span>
    </p>
   </div>
   <div class='ocr_carea' id='block_1_3' title="bbox 474 2005 1486 2102">
    <p class='ocr_par' dir='ltr' id='par_1_3' title="bbox 474 2005 1486 2102">
     <span class='ocr_line' id='line_1_12' title="bbox 474 2005 1486 2102; baseline -0.004 -22"><span class='ocrx_word' id='word_1_90' title='bbox 474 2007 674 2102; x_wconf 76' lang='lat' dir='ltr'>(Sequitur</span> <span class='ocrx_word' id='word_1_91' title='bbox 702 2010 897 2101; x_wconf 54' lang='lat' dir='ltr'>(indeptam</span> <span class='ocrx_word' id='word_1_92' title='bbox 919 2011 1048 2102; x_wconf 72' lang='lat' dir='ltr'>perpet</span> <span class='ocrx_word' id='word_1_93' title='bbox 1078 2015 1261 2078; x_wconf 78' lang='lat' dir='ltr'>narrator</span> <span class='ocrx_word' id='word_1_94' title='bbox 1280 2005 1356 2102; x_wconf 61' lang='lat' dir='ltr'>fid.</span> <span class='ocrx_word' id='word_1_95' title='bbox 1389 2009 1486 2095; x_wconf 61' lang='lat'>347:</span> 
     </span>
    </p>
   </div>
   <div class='ocr_carea' id='block_1_4' title="bbox 258 2253 1702 2724">
    <p class='ocr_par' dir='ltr' id='par_1_4' title="bbox 258 2253 1702 2724">
     <span class='ocr_line' id='line_1_13' title="bbox 365 2253 1702 2356; baseline -0.001 -28"><span class='ocrx_word' id='word_1_96' title='bbox 365 2253 455 2356; x_wconf 75' lang='lat' dir='ltr'>(tl)</span> <span class='ocrx_word' id='word_1_97' title='bbox 485 2257 605 2329; x_wconf 80' lang='lat' dir='ltr'>Soror</span> <span class='ocrx_word' id='word_1_98' title='bbox 634 2257 829 2350; x_wconf 87' lang='lat' dir='ltr'>quaedam</span> <span class='ocrx_word' id='word_1_99' title='bbox 859 2256 1073 2328; x_wconf 84' lang='lat' dir='ltr'>servitialis</span> <span class='ocrx_word' id='word_1_100' title='bbox 1101 2257 1149 2327; x_wconf 92' lang='lat' dir='ltr'>de</span> <span class='ocrx_word' id='word_1_101' title='bbox 1178 2257 1316 2327; x_wconf 85' lang='lat' dir='ltr'>ordine</span> <span class='ocrx_word' id='word_1_102' title='bbox 1337 2279 1556 2350; x_wconf 88' lang='lat' dir='ltr'>pauperum</span> <span class='ocrx_word' id='word_1_103' title='bbox 1578 2257 1702 2328; x_wconf 86' lang='lat' dir='ltr'>dmni·</span> 
     </span>
     <span class='ocr_line' id='line_1_14' title="bbox 258 2369 1701 2475; baseline -0.002 -20"><span class='ocrx_word' id='word_1_104' title='bbox 258 2407 417 2468; x_wconf 90' lang='lat' dir='ltr'>narum,</span> <span class='ocrx_word' id='word_1_105' title='bbox 432 2369 553 2452; x_wconf 78' lang='lat' dir='ltr'>¹(llirn</span> <span class='ocrx_word' id='word_1_106' title='bbox 584 2383 758 2470; x_wconf 90' lang='lat' dir='ltr'>nomine,</span> <span class='ocrx_word' id='word_1_107' title='bbox 779 2404 869 2451; x_wconf 60' lang='lat' dir='ltr'>(sum</span> <span class='ocrx_word' id='word_1_108' title='bbox 900 2382 1031 2453; x_wconf 89' lang='lat' dir='ltr'>adlmc</span> <span class='ocrx_word' id='word_1_109' title='bbox 1060 2383 1184 2475; x_wconf 91' lang='lat' dir='ltr'>patris</span> <span class='ocrx_word' id='word_1_110' title='bbox 1204 2383 1441 2453; x_wconf 83' lang='lat' dir='ltr'>sanctissimi</span> <span class='ocrx_word' id='word_1_111' title='bbox 1461 2404 1603 2474; x_wconf 86' lang='lat' dir='ltr'>corpus</span> <span class='ocrx_word' id='word_1_112' title='bbox 1622 2383 1701 2453; x_wconf 88' lang='lat' dir='ltr'>exi-</span> 
     </span>
     <span class='ocr_line' id='line_1_15' title="bbox 259 2506 1699 2600; baseline -0.001 -22"><span class='ocrx_word' id='word_1_113' title='bbox 259 2513 382 2579; x_wconf 90' lang='lat' dir='ltr'>steret</span> <span class='ocrx_word' id='word_1_114' title='bbox 410 2506 671 2599; x_wconf 89' lang='lat' dir='ltr'>insepultmn,</span> <span class='ocrx_word' id='word_1_115' title='bbox 701 2506 866 2577; x_wconf 87' lang='lat' dir='ltr'>accessit</span> <span class='ocrx_word' id='word_1_116' title='bbox 894 2506 1061 2600; x_wconf 85' lang='lat' dir='ltr'>supplex</span> <span class='ocrx_word' id='word_1_117' title='bbox 1089 2511 1129 2576; x_wconf 91' lang='lat' dir='ltr'>et</span> <span class='ocrx_word' id='word_1_118' title='bbox 1157 2507 1389 2577; x_wconf 82' lang='lat' dir='ltr'>deosculans</span> <span class='ocrx_word' id='word_1_119' title='bbox 1417 2527 1562 2577; x_wconf 89' lang='lat' dir='ltr'>manus</span> <span class='ocrx_word' id='word_1_120' title='bbox 1596 2507 1699 2599; x_wconf 84' lang='lat' dir='ltr'>ejus3</span> 
     </span>
     <span class='ocr_line' id='line_1_16' title="bbox 259 2623 1701 2724; baseline -0.001 -22"><span class='ocrx_word' id='word_1_121' title='bbox 259 2633 364 2703; x_wconf 90' lang='lat' dir='ltr'>inter</span> <span class='ocrx_word' id='word_1_122' title='bbox 393 2623 534 2719; x_wconf 71' lang='lat' dir='ltr'>cetera,</span> <span class='ocrx_word' id='word_1_123' title='bbox 552 2653 652 2724; x_wconf 76' lang='lat' dir='ltr'>spate</span> <span class='ocrx_word' id='word_1_124' title='bbox 681 2631 849 2724; x_wconf 85' lang='lat' dir='ltr'>rogavit,</span> <span class='ocrx_word' id='word_1_125' title='bbox 879 2631 1078 2724; x_wconf 80' lang='lat' dir='ltr'>indulgeri</span> <span class='ocrx_word' id='word_1_126' title='bbox 1108 2631 1181 2702; x_wconf 87' lang='lat' dir='ltr'>sibi</span> <span class='ocrx_word' id='word_1_127' title='bbox 1211 2632 1366 2702; x_wconf 81' lang='lat' dir='ltr'>inentis</span> <span class='ocrx_word' id='word_1_128' title='bbox 1390 2631 1478 2724; x_wconf 87' lang='lat' dir='ltr'>ejus</span> <span class='ocrx_word' id='word_1_129' title='bbox 1507 2630 1634 2724; x_wconf 89' lang='lat' dir='ltr'>petiit,</span> <span class='ocrx_word' id='word_1_130' title='bbox 1656 2634 1701 2700; x_wconf 92' lang='lat' dir='ltr'>ut</span> 
     </span>
    </p>
   </div>
   <div class='ocr_carea' id='block_1_5' title="bbox 256 2755 1702 4816">
    <p class='ocr_par' dir='ltr' id='par_1_5' title="bbox 256 2755 1702 4816">
     <span class='ocr_line' id='line_1_17' title="bbox 259 2755 1701 2850; baseline 0.001 -26"><span class='ocrx_word' id='word_1_131' title='bbox 259 2779 427 2850; x_wconf 86' lang='lat' dir='ltr'>poenam</span> <span class='ocrx_word' id='word_1_132' title='bbox 458 2778 633 2844; x_wconf 89' lang='lat' dir='ltr'>onmem,</span> <span class='ocrx_word' id='word_1_133' title='bbox 664 2777 783 2848; x_wconf 90' lang='lat' dir='ltr'>qnam</span> <span class='ocrx_word' id='word_1_134' title='bbox 815 2755 986 2848; x_wconf 83' lang='lat' dir='ltr'>peccatis</span> <span class='ocrx_word' id='word_1_135' title='bbox 1005 2755 1257 2849; x_wconf 78' lang='lat' dir='ltr'>exigentibus</span> <span class='ocrx_word' id='word_1_136' title='bbox 1279 2755 1498 2844; x_wconf 88' lang='lat' dir='ltr'>meruisset,</span> <span class='ocrx_word' id='word_1_137' title='bbox 1520 2755 1561 2825; x_wconf 90' lang='lat' dir='ltr'>in</span> <span class='ocrx_word' id='word_1_138' title='bbox 1593 2777 1701 2848; x_wconf 90' lang='lat' dir='ltr'>prae·</span> 
     </span>
     <span class='ocr_line' id='line_1_18' title="bbox 258 2878 1699 2973; baseline -0.001 -21"><span class='ocrx_word' id='word_1_139' title='bbox 258 2881 363 2952; x_wconf 89' lang='lat' dir='ltr'>senti</span> <span class='ocrx_word' id='word_1_140' title='bbox 382 2881 456 2952; x_wconf 90' lang='lat' dir='ltr'>sibi</span> <span class='ocrx_word' id='word_1_141' title='bbox 477 2878 591 2950; x_wconf 86' lang='lat' dir='ltr'>Deus</span> <span class='ocrx_word' id='word_1_142' title='bbox 611 2879 821 2972; x_wconf 83' lang='lat' dir='ltr'>infligeret,</span> <span class='ocrx_word' id='word_1_143' title='bbox 843 2903 916 2951; x_wconf 91' lang='lat' dir='ltr'>nee</span> <span class='ocrx_word' id='word_1_144' title='bbox 936 2881 1184 2973; x_wconf 89' lang='lat' dir='ltr'>puniendum</span> <span class='ocrx_word' id='word_1_145' title='bbox 1206 2881 1412 2973; x_wconf 87' lang='lat' dir='ltr'>quidpimn</span> <span class='ocrx_word' id='word_1_146' title='bbox 1434 2881 1476 2951; x_wconf 91' lang='lat' dir='ltr'>in</span> <span class='ocrx_word' id='word_1_147' title='bbox 1497 2887 1699 2973; x_wconf 89' lang='lat' dir='ltr'>posterum</span> 
     </span>
     <span class='ocr_line' id='line_1_19' title="bbox 258 3003 1702 3076; baseline -0.002 0"><span class='ocrx_word' id='word_1_148' title='bbox 258 3009 489 3076; x_wconf 84' lang='lat' dir='ltr'>reservaret.</span> <span class='ocrx_word' id='word_1_149' title='bbox 521 3003 712 3076; x_wconf 87' lang='lat' dir='ltr'>Oratione</span> <span class='ocrx_word' id='word_1_150' title='bbox 733 3027 826 3074; x_wconf 85' lang='lat' dir='ltr'>vero</span> <span class='ocrx_word' id='word_1_151' title='bbox 845 3004 952 3075; x_wconf 87' lang='lat' dir='ltr'>facta</span> <span class='ocrx_word' id='word_1_152' title='bbox 971 3004 1260 3076; x_wconf 88' lang='lat' dir='ltr'>monasterium</span> <span class='ocrx_word' id='word_1_153' title='bbox 1285 3005 1430 3075; x_wconf 90' lang='lat' dir='ltr'>mulier</span> <span class='ocrx_word' id='word_1_154' title='bbox 1450 3005 1573 3076; x_wconf 90' lang='lat' dir='ltr'>subiit</span> <span class='ocrx_word' id='word_1_155' title='bbox 1593 3027 1702 3074; x_wconf 84' lang='lat' dir='ltr'>mox·</span> 
     </span>
     <span class='ocr_line' id='line_1_20' title="bbox 257 3129 1699 3223; baseline -0.001 -23"><span class='ocrx_word' id='word_1_156' title='bbox 257 3152 333 3223; x_wconf 91' lang='lat' dir='ltr'>que</span> <span class='ocrx_word' id='word_1_157' title='bbox 356 3151 424 3222; x_wconf 91' lang='lat' dir='ltr'>pcr</span> <span class='ocrx_word' id='word_1_158' title='bbox 443 3151 562 3198; x_wconf 76' lang='lat' dir='ltr'>annm</span> <span class='ocrx_word' id='word_1_159' title='bbox 582 3151 723 3221; x_wconf 89' lang='lat' dir='ltr'>corpus</span> <span class='ocrx_word' id='word_1_160' title='bbox 752 3129 886 3200; x_wconf 91' lang='lat' dir='ltr'>dolore</span> <span class='ocrx_word' id='word_1_161' title='bbox 915 3129 1161 3200; x_wconf 89' lang='lat' dir='ltr'>validissimo</span> <span class='ocrx_word' id='word_1_162' title='bbox 1181 3129 1356 3200; x_wconf 86' lang='lat' dir='ltr'>cruciata</span> <span class='ocrx_word' id='word_1_163' title='bbox 1375 3151 1469 3222; x_wconf 89' lang='lat' dir='ltr'>prae</span> <span class='ocrx_word' id='word_1_164' title='bbox 1490 3129 1699 3200; x_wconf 87' lang='lat' dir='ltr'>immensi-</span> 
     </span>
     <span class='ocr_line' id='line_1_21' title="bbox 257 3253 1700 3346; baseline 0 -22"><span class='ocrx_word' id='word_1_165' title='bbox 257 3257 340 3325; x_wconf 84' lang='lat' dir='ltr'>tate</span> <span class='ocrx_word' id='word_1_166' title='bbox 380 3253 527 3324; x_wconf 89' lang='lat' dir='ltr'>doloris</span> <span class='ocrx_word' id='word_1_167' title='bbox 565 3253 817 3346; x_wconf 82' lang='lat' dir='ltr'>semetipsam</span> <span class='ocrx_word' id='word_1_168' title='bbox 857 3253 960 3324; x_wconf 88' lang='lat' dir='ltr'>ferre</span> <span class='ocrx_word' id='word_1_169' title='bbox 990 3276 1070 3324; x_wconf 90' lang='lat' dir='ltr'>non</span> <span class='ocrx_word' id='word_1_170' title='bbox 1100 3253 1239 3339; x_wconf 89' lang='lat' dir='ltr'>valuit,</span> <span class='ocrx_word' id='word_1_171' title='bbox 1269 3256 1336 3325; x_wconf 89' lang='lat' dir='ltr'>sed</span> <span class='ocrx_word' id='word_1_172' title='bbox 1366 3276 1517 3326; x_wconf 87' lang='lat' dir='ltr'>sorores</span> <span class='ocrx_word' id='word_1_173' title='bbox 1551 3259 1700 3325; x_wconf 88' lang='lat' dir='ltr'>ceteras</span> 
     </span>
     <span class='ocr_line' id='line_1_22' title="bbox 256 3375 1697 3474; baseline -0.001 -24"><span class='ocrx_word' id='word_1_174' title='bbox 256 3378 494 3450; x_wconf 86' lang='lat' dir='ltr'>stridoribus</span> <span class='ocrx_word' id='word_1_175' title='bbox 514 3378 731 3448; x_wconf 89' lang='lat' dir='ltr'>admodum</span> <span class='ocrx_word' id='word_1_176' title='bbox 752 3378 1013 3470; x_wconf 80' lang='lat' dir='ltr'>perturbavit.</span> <span class='ocrx_word' id='word_1_177' title='bbox 1031 3376 1142 3469; x_wconf 79' lang='lat' dir='ltr'>erae</span> <span class='ocrx_word' id='word_1_178' title='bbox 1155 3388 1256 3449; x_wconf 79' lang='lat' dir='ltr'>&#39;vero</span> <span class='ocrx_word' id='word_1_179' title='bbox 1277 3375 1467 3474; x_wconf 76' lang='lat' dir='ltr'>[recepta]</span> <span class='ocrx_word' id='word_1_180' title='bbox 1489 3379 1697 3471; x_wconf 89' lang='lat' dir='ltr'>paululum</span> 
     </span>
     <span class='ocr_line' id='line_1_23' title="bbox 257 3502 1700 3596; baseline 0 -23"><span class='ocrx_word' id='word_1_181' title='bbox 257 3505 301 3596; x_wconf 80' lang='lat' dir='ltr'>(f.</span> <span class='ocrx_word' id='word_1_182' title='bbox 325 3502 408 3593; x_wconf 64' lang='lat'><strong>34¹¹)</strong></span> <span class='ocrx_word' id='word_1_183' title='bbox 432 3503 660 3574; x_wconf 86' lang='lat' dir='ltr'>valetudine</span> <span class='ocrx_word' id='word_1_184' title='bbox 689 3503 794 3572; x_wconf 90' lang='lat' dir='ltr'>eirca</span> <span class='ocrx_word' id='word_1_185' title='bbox 823 3506 979 3573; x_wconf 91' lang='lat' dir='ltr'>noctem</span> <span class='ocrx_word' id='word_1_186' title='bbox 1010 3503 1074 3579; x_wconf 91' lang='lat' dir='ltr'>die</span> <span class='ocrx_word' id='word_1_187' title='bbox 1103 3503 1285 3596; x_wconf 87' lang='lat' dir='ltr'>sequenti</span> <span class='ocrx_word' id='word_1_188' title='bbox 1309 3526 1399 3574; x_wconf 67' lang='lat' dir='ltr'>(irim</span> <span class='ocrx_word' id='word_1_189' title='bbox 1421 3503 1621 3574; x_wconf 84' lang='lat' dir='ltr'>sormilms</span> <span class='ocrx_word' id='word_1_190' title='bbox 1641 3526 1700 3573; x_wconf 91' lang='lat' dir='ltr'>ce-</span> 
     </span>
     <span class='ocr_line' id='line_1_24' title="bbox 257 3627 1698 3719; baseline -0.001 -21"><span class='ocrx_word' id='word_1_191' title='bbox 257 3627 353 3698; x_wconf 87' lang='lat' dir='ltr'>teris</span> <span class='ocrx_word' id='word_1_192' title='bbox 373 3627 493 3698; x_wconf 86' lang='lat' dir='ltr'>sinnd</span> <span class='ocrx_word' id='word_1_193' title='bbox 523 3627 608 3719; x_wconf 86' lang='lat' dir='ltr'>ipsa</span> <span class='ocrx_word' id='word_1_194' title='bbox 632 3627 886 3698; x_wconf 86' lang='lat' dir='ltr'>refectorium</span> <span class='ocrx_word' id='word_1_195' title='bbox 908 3627 1368 3714; x_wconf 81' lang='lat' dir='ltr'>clanculosubintravit3</span> <span class='ocrx_word' id='word_1_196' title='bbox 1389 3629 1496 3698; x_wconf 89' lang='lat' dir='ltr'>etad</span> <span class='ocrx_word' id='word_1_197' title='bbox 1518 3645 1698 3699; x_wconf 81' lang='lat' dir='ltr'>mensam</span> 
     </span>
     <span class='ocr_line' id='line_1_25' title="bbox 258 3751 1698 3846; baseline 0.001 -24"><span class='ocrx_word' id='word_1_198' title='bbox 258 3773 350 3822; x_wconf 90' lang='lat' dir='ltr'>cmn</span> <span class='ocrx_word' id='word_1_199' title='bbox 371 3751 460 3822; x_wconf 91' lang='lat' dir='ltr'>aliis</span> <span class='ocrx_word' id='word_1_200' title='bbox 489 3753 707 3822; x_wconf 88' lang='lat' dir='ltr'>constituta</span> <span class='ocrx_word' id='word_1_201' title='bbox 746 3751 899 3821; x_wconf 81' lang='lat' dir='ltr'>iteratis</span> <span class='ocrx_word' id='word_1_202' title='bbox 928 3753 1057 3844; x_wconf 89' lang='lat' dir='ltr'>coepit</span> <span class='ocrx_word' id='word_1_203' title='bbox 1086 3751 1219 3822; x_wconf 89' lang='lat' dir='ltr'>subito</span> <span class='ocrx_word' id='word_1_204' title='bbox 1248 3753 1451 3823; x_wconf 87' lang='lat' dir='ltr'>doloribus</span> <span class='ocrx_word' id='word_1_205' title='bbox 1496 3755 1698 3846; x_wconf 79' lang='lat' dir='ltr'>perurgeri</span> 
     </span>
     <span class='ocr_line' id='line_1_26' title="bbox 258 3876 1698 3970; baseline 0.001 -24"><span class='ocrx_word' id='word_1_206' title='bbox 258 3877 327 3963; x_wconf 87' lang='lat' dir='ltr'>ita,</span> <span class='ocrx_word' id='word_1_207' title='bbox 362 3876 469 3968; x_wconf 91' lang='lat' dir='ltr'>quod</span> <span class='ocrx_word' id='word_1_208' title='bbox 515 3897 766 3968; x_wconf 91' lang='lat' dir='ltr'>nequaquam</span> <span class='ocrx_word' id='word_1_209' title='bbox 802 3876 936 3946; x_wconf 90' lang='lat' dir='ltr'>cibum</span> <span class='ocrx_word' id='word_1_210' title='bbox 969 3880 1156 3964; x_wconf 84' lang='lat' dir='ltr'>sumeret,</span> <span class='ocrx_word' id='word_1_211' title='bbox 1191 3877 1257 3947; x_wconf 90' lang='lat' dir='ltr'>scd</span> <span class='ocrx_word' id='word_1_212' title='bbox 1296 3877 1555 3970; x_wconf 89' lang='lat' dir='ltr'>parturientis</span> <span class='ocrx_word' id='word_1_213' title='bbox 1590 3900 1698 3947; x_wconf 88' lang='lat' dir='ltr'>more</span> 
     </span>
     <span class='ocr_line' id='line_1_27' title="bbox 259 3999 1699 4094; baseline 0 -22"><span class='ocrx_word' id='word_1_214' title='bbox 259 4022 376 4094; x_wconf 89' lang='lat' dir='ltr'>super</span> <span class='ocrx_word' id='word_1_215' title='bbox 406 4022 583 4070; x_wconf 89' lang='lat' dir='ltr'>mensam</span> <span class='ocrx_word' id='word_1_216' title='bbox 618 3999 697 4070; x_wconf 89' lang='lat' dir='ltr'>huc</span> <span class='ocrx_word' id='word_1_217' title='bbox 734 3999 908 4093; x_wconf 91' lang='lat' dir='ltr'>illucque</span> <span class='ocrx_word' id='word_1_218' title='bbox 937 4021 976 4070; x_wconf 88' lang='lat' dir='ltr'>sc</span> <span class='ocrx_word' id='word_1_219' title='bbox 1006 4000 1184 4071; x_wconf 88' lang='lat' dir='ltr'>volveret</span> <span class='ocrx_word' id='word_1_220' title='bbox 1213 4005 1252 4071; x_wconf 88' lang='lat' dir='ltr'>ct</span> <span class='ocrx_word' id='word_1_221' title='bbox 1280 4001 1483 4072; x_wconf 87' lang='lat' dir='ltr'>clamaret.</span> <span class='ocrx_word' id='word_1_222' title='bbox 1521 4000 1699 4072; x_wconf 84' lang='lat' dir='ltr'>Jubente</span> 
     </span>
     <span class='ocr_line' id='line_1_28' title="bbox 258 4122 1699 4218; baseline 0.001 -24"><span class='ocrx_word' id='word_1_223' title='bbox 258 4125 382 4217; x_wconf 75' lang='lat' dir='ltr'>igitur</span> <span class='ocrx_word' id='word_1_224' title='bbox 423 4124 623 4194; x_wconf 87' lang='lat' dir='ltr'>abbatissa</span> <span class='ocrx_word' id='word_1_225' title='bbox 651 4125 701 4194; x_wconf 88' lang='lat' dir='ltr'>ad</span> <span class='ocrx_word' id='word_1_226' title='bbox 730 4122 993 4194; x_wconf 85' lang='lat' dir='ltr'>infirmariam</span> <span class='ocrx_word' id='word_1_227' title='bbox 1028 4123 1159 4194; x_wconf 88' lang='lat' dir='ltr'>delata</span> <span class='ocrx_word' id='word_1_228' title='bbox 1188 4128 1247 4195; x_wconf 88' lang='lat' dir='ltr'>cst</span> <span class='ocrx_word' id='word_1_229' title='bbox 1279 4129 1330 4212; x_wconf 91' lang='lat' dir='ltr'>et,</span> <span class='ocrx_word' id='word_1_230' title='bbox 1361 4147 1462 4218; x_wconf 88' lang='lat' dir='ltr'>quae</span> <span class='ocrx_word' id='word_1_231' title='bbox 1491 4125 1567 4196; x_wconf 91' lang='lat' dir='ltr'>sibi</span> <span class='ocrx_word' id='word_1_232' title='bbox 1596 4125 1699 4195; x_wconf 88' lang='lat' dir='ltr'>votis</span> 
     </span>
     <span class='ocr_line' id='line_1_29' title="bbox 258 4247 1700 4343; baseline 0.001 -25"><span class='ocrx_word' id='word_1_233' title='bbox 258 4247 445 4319; x_wconf 81' lang='lat' dir='ltr'>orrmibns</span> <span class='ocrx_word' id='word_1_234' title='bbox 474 4248 514 4318; x_wconf 91' lang='lat' dir='ltr'>in</span> <span class='ocrx_word' id='word_1_235' title='bbox 549 4248 747 4340; x_wconf 88' lang='lat' dir='ltr'>praesenti</span> <span class='ocrx_word' id='word_1_236' title='bbox 781 4271 949 4340; x_wconf 88' lang='lat' dir='ltr'>poenam</span> <span class='ocrx_word' id='word_1_237' title='bbox 985 4248 1114 4341; x_wconf 83' lang='lat' dir='ltr'>infligi</span> <span class='ocrx_word' id='word_1_238' title='bbox 1149 4255 1391 4342; x_wconf 89' lang='lat' dir='ltr'>poposcerat,</span> <span class='ocrx_word' id='word_1_239' title='bbox 1424 4249 1700 4343; x_wconf 89' lang='lat' dir='ltr'>multiplicatis</span> 
     </span>
     <span class='ocr_line' id='line_1_30' title="bbox 258 4373 1698 4467; baseline 0.003 -27"><span class='ocrx_word' id='word_1_240' title='bbox 258 4373 440 4466; x_wconf 87' lang='lat' dir='ltr'>precibus</span> <span class='ocrx_word' id='word_1_241' title='bbox 464 4373 514 4442; x_wconf 88' lang='lat' dir='ltr'>ab</span> <span class='ocrx_word' id='word_1_242' title='bbox 543 4373 680 4443; x_wconf 90' lang='lat' dir='ltr'>eodem</span> <span class='ocrx_word' id='word_1_243' title='bbox 710 4374 887 4444; x_wconf 90' lang='lat' dir='ltr'>remedia</span> <span class='ocrx_word' id='word_1_244' title='bbox 915 4373 1133 4467; x_wconf 80' lang='lat' dir='ltr'>flagitabat.</span> <span class='ocrx_word' id='word_1_245' title='bbox 1164 4373 1342 4445; x_wconf 82' lang='lat' dir='ltr'>Tandem</span> <span class='ocrx_word' id='word_1_246' title='bbox 1372 4381 1508 4445; x_wconf 88' lang='lat' dir='ltr'>antem</span> <span class='ocrx_word' id='word_1_247' title='bbox 1538 4375 1698 4445; x_wconf 90' lang='lat' dir='ltr'>remini-</span> 
     </span>
     <span class='ocr_line' id='line_1_31' title="bbox 258 4495 1699 4604; baseline 0.001 -36"><span class='ocrx_word' id='word_1_248' title='bbox 258 4519 370 4604; x_wconf 73' lang='lat' dir='ltr'>scens</span> <span class='ocrx_word' id='word_1_249' title='bbox 390 4495 535 4566; x_wconf 90' lang='lat' dir='ltr'>nmlier</span> <span class='ocrx_word' id='word_1_250' title='bbox 554 4497 767 4589; x_wconf 81' lang='lat' dir='ltr'>quenulam</span> <span class='ocrx_word' id='word_1_251' title='bbox 791 4497 895 4590; x_wconf 91' lang='lat' dir='ltr'>apud</span> <span class='ocrx_word' id='word_1_252' title='bbox 916 4519 956 4567; x_wconf 88' lang='lat' dir='ltr'>se</span> <span class='ocrx_word' id='word_1_253' title='bbox 972 4496 1131 4568; x_wconf 88' lang='lat' dir='ltr'>tunicae</span> <span class='ocrx_word' id='word_1_254' title='bbox 1151 4499 1277 4568; x_wconf 86' lang='lat' dir='ltr'>sancti</span> <span class='ocrx_word' id='word_1_255' title='bbox 1298 4498 1534 4591; x_wconf 86' lang='lat' dir='ltr'>particulam</span> <span class='ocrx_word' id='word_1_256' title='bbox 1553 4499 1699 4570; x_wconf 86' lang='lat' dir='ltr'>habere</span> 
     </span>
     <span class='ocr_line' id='line_1_32' title="bbox 257 4619 1699 4716; baseline 0.002 -25"><span class='ocrx_word' id='word_1_257' title='bbox 257 4621 518 4709; x_wconf 88' lang='lat' dir='ltr'>reconditam,</span> <span class='ocrx_word' id='word_1_258' title='bbox 549 4643 642 4690; x_wconf 89' lang='lat' dir='ltr'>mox</span> <span class='ocrx_word' id='word_1_259' title='bbox 670 4619 833 4692; x_wconf 88' lang='lat' dir='ltr'>allatam</span> <span class='ocrx_word' id='word_1_260' title='bbox 865 4620 941 4691; x_wconf 91' lang='lat' dir='ltr'>sibi</span> <span class='ocrx_word' id='word_1_261' title='bbox 961 4644 1078 4714; x_wconf 91' lang='lat' dir='ltr'>super</span> <span class='ocrx_word' id='word_1_262' title='bbox 1098 4643 1239 4714; x_wconf 90' lang='lat' dir='ltr'>corpus</span> <span class='ocrx_word' id='word_1_263' title='bbox 1258 4624 1406 4694; x_wconf 74' lang='lat' dir='ltr'>«lucens</span> <span class='ocrx_word' id='word_1_264' title='bbox 1426 4623 1633 4716; x_wconf 87' lang='lat' dir='ltr'>applicuit,</span> <span class='ocrx_word' id='word_1_265' title='bbox 1654 4647 1699 4694; x_wconf 90' lang='lat' dir='ltr'>ac</span> 
     </span>
     <span class='ocr_line' id='line_1_33' title="bbox 257 4743 1022 4816; baseline 0 -1"><span class='ocrx_word' id='word_1_266' title='bbox 257 4744 466 4815; x_wconf 87' lang='lat' dir='ltr'>confestim</span> <span class='ocrx_word' id='word_1_267' title='bbox 498 4743 610 4814; x_wconf 91' lang='lat' dir='ltr'>dolor</span> <span class='ocrx_word' id='word_1_268' title='bbox 638 4745 769 4815; x_wconf 88' lang='lat' dir='ltr'>onmis</span> <span class='ocrx_word' id='word_1_269' title='bbox 798 4744 1022 4816; x_wconf 86' lang='lat' dir='ltr'>abscessit.‘·&#39;</span> 
     </span>
    </p>
   </div>
   <div class='ocr_carea' id='block_1_6' title="bbox 259 4903 1210 4912">
    <p class='ocr_par' dir='ltr' id='par_1_6' title="bbox 259 4903 1210 4912">
     <span class='ocr_line' id='line_1_34' title="bbox 259 4903 1210 4912; baseline 0.001 -1"><span class='ocrx_word' id='word_1_270' title='bbox 259 4903 416 4911; x_wconf 66' lang='lat'><strong>-—-——-</strong></span> <span class='ocrx_word' id='word_1_271' title='bbox 869 4904 1162 4912; x_wconf 71' lang='lat'>—-.--.-—--.--</span> <span class='ocrx_word' id='word_1_272' title='bbox 1179 4906 1210 4912; x_wconf 76' lang='lat'>-</span> 
     </span>
    </p>
   </div>
   <div class='ocr_carea' id='block_1_7' title="bbox 365 4985 854 5144">
    <p class='ocr_par' dir='ltr' id='par_1_7' title="bbox 365 4985 854 5144">
     <span class='ocr_line' id='line_1_35' title="bbox 366 4985 853 5056; baseline 0.006 -18"><span class='ocrx_word' id='word_1_273' title='bbox 366 4986 467 5056; x_wconf 73' lang='lat' dir='ltr'>lLeg.</span> <span class='ocrx_word' id='word_1_274' title='bbox 489 4987 524 5050; x_wconf 77' lang='lat' dir='ltr'>A,</span> <span class='ocrx_word' id='word_1_275' title='bbox 546 5003 575 5040; x_wconf 89' lang='lat' dir='ltr'>n.</span> <span class='ocrx_word' id='word_1_276' title='bbox 597 4987 641 5054; x_wconf 78' lang='lat'>49,</span> <span class='ocrx_word' id='word_1_277' title='bbox 662 4985 737 5042; x_wconf 87' lang='lat' dir='ltr'>Bell.</span> <span class='ocrx_word' id='word_1_278' title='bbox 759 5003 788 5042; x_wconf 93' lang='lat' dir='ltr'>n.</span> <span class='ocrx_word' id='word_1_279' title='bbox 811 4988 853 5041; x_wconf 76' lang='lat'>71.</span> 
     </span>
     <span class='ocr_line' id='line_1_36' title="bbox 365 5073 854 5144; baseline 0.004 -16"><span class='ocrx_word' id='word_1_280' title='bbox 365 5073 466 5144; x_wconf 59' lang='lat' dir='ltr'>”Lep</span> <span class='ocrx_word' id='word_1_281' title='bbox 488 5075 523 5138; x_wconf 77' lang='lat' dir='ltr'>A,</span> <span class='ocrx_word' id='word_1_282' title='bbox 545 5091 575 5129; x_wconf 90' lang='lat' dir='ltr'>n.</span> <span class='ocrx_word' id='word_1_283' title='bbox 597 5075 641 5144; x_wconf 70' lang='lat'>48,</span> <span class='ocrx_word' id='word_1_284' title='bbox 663 5076 737 5131; x_wconf 89' lang='lat' dir='ltr'>Bell.</span> <span class='ocrx_word' id='word_1_285' title='bbox 759 5093 789 5131; x_wconf 91' lang='lat' dir='ltr'>n.</span> <span class='ocrx_word' id='word_1_286' title='bbox 811 5076 854 5131; x_wconf 74' lang='grc'>72,</span> 
     </span>
    </p>
   </div>
   <div class='ocr_carea' id='block_1_8' title="bbox 0 0 1956 5570">
    <p class='ocr_par' dir='ltr' id='par_1_8' title="bbox 0 0 1956 5570">
     <span class='ocr_line' id='line_1_37' title="bbox 0 0 1956 5570; baseline 0 0"><span class='ocrx_word' id='word_1_287' title='bbox 0 0 1956 5570; x_wconf 95' lang='lat' dir='ltr'> </span> 
     </span>
    </p>
   </div>
  </div>
 </body>
</html>
