3902 5570
739 440 796 492 nn
826 439 858 492 s.
888 439 1082 494 assesso
1113 440 1150 492 r.
1612 417 1663 490 21

217 669 384 740 tradidit
413 669 663 739 sutlbcatum.
686 667 797 759 Quae
826 668 1034 739 confestim
1066 672 1159 739 voto
1187 669 1294 738 facto
1313 668 1574 760 gemebundis
1595 690 1664 738 vo·
1715 673 1718 678 '

214 793 327 864 (tilius
357 793 480 886 patris
500 792 740 864 sanctissimi
759 793 956 863 auxilium
977 793 1167 864 invocans
1187 792 1302 863 corde
1328 796 1412 862 toto
1440 813 1510 884 per
1539 791 1664 884 ipsius

216 916 361 987 merita
391 917 614 988 redivivnm
643 915 771 987 tilium
803 917 940 1010 gavisa
968 920 1027 988 est
1055 917 1287 1010 accepisse.¹

322 1036 411 1140 (36)
440 1040 489 1112 In
520 1037 697 1134 Apuliae
735 1041 898 1112 civitate
936 1041 1132 1132 illorropoli
1162 1041 1283 1133 juxta
1319 1041 1451 1112 locum
1489 1041 1662 1112 fratrum

208 1165 374 1257 juvenis
403 1165 564 1258 quidam
596 1169 742 1236 terram
773 1141 930 1236 fodiens
959 1165 1045 1258 ripa
1073 1165 1241 1257 desuper
1274 1165 1451 1236 irruente
1488 1165 1664 1236 letaliter

169 1369 170 1372 Ἴ
216 1295 276 1361 est
295 1312 524 1383 oppressum
546 1313 664 1383 quem
695 1312 785 1360 cum
817 1311 915 1383 puer
934 1290 1097 1383 quidam
1118 1297 1224 1360 terra
1243 1289 1358 1360 obrui
1377 1289 1659 1382 conspexisset,

216 1435 379 1484 currens
408 1419 447 1484 et
476 1414 632 1504 eiulans
674 1414 881 1485 nuntiavit
922 1413 1044 1484 matri
1086 1435 1191 1484 suae.
1222 1411 1349 1484 Porro
1393 1417 1520 1484 mater
1564 1413 1662 1484 llaec

214 1538 382 1608 audiens
410 1537 540 1630 coepit
567 1538 712 1631 palmis
739 1539 883 1622 faeiem
914 1552 1027 1608 suam
1057 1538 1219 1608 caedere
1248 1540 1288 1608 ct
1316 1536 1480 1630 capillos
1510 1537 1662 1608 laniare

215 1683 503 1755 acclu'rellsque
532 1685 623 1734 cum
654 1663 830 1734 lacrimis
859 1663 908 1732 ad
939 1661 1069 1732 locum
1103 1661 1275 1732 fratrum
1310 1682 1404 1731 voce
1442 1661 1662 1732 miserabili

215 1786 481 1888 proclamavit
500 1787 655 1858 dicens:
678 1785 939 1875 «Accurritc,
960 1785 1120 1856 fratres!
1141 1783 1351 1856 accurrite!
1373 1785 1562 1876 adjuvate
1582 1808 1661 1872 me,

215 1909 310 2002 quia
326 1913 430 1980 terra
446 1911 603 2003 operuit
620 1909 747 1982 lilium
770 1933 918 1982 meum.
938 1937 954 1976 »
981 1909 1070 2002 Quo
1089 1909 1227 1981 andito
1247 1912 1497 1980 accurrentes
1515 1911 1662 1981 fratros

215 2056 306 2103 cum
329 2034 528 2127 ligonibus
549 2041 588 2106 ct
607 2035 697 2105 aliis
718 2035 998 2106 instrumentis
1017 2039 1233 2126 coeperunt
1252 2034 1399 2121 fodere,
1421 2033 1490 2104 ubi
1511 2038 1660 2105 terram

216 2158 399 2229 viderant
413 2159 610 2245 eccidisse,
631 2165 759 2230 rnatre
775 2159 940 2252 jm'cnis
960 2159 1149 2230 continue
1166 2159 1455 2252 proclamante:
1478 2156 1552 2231 «S.
1575 2157 1662 2229 An-

214 2281 314 2366 toni,
339 2283 458 2354 reddo
487 2283 588 2356 milri
608 2283 734 2354 filium
759 2282 909 2354 mcum!
934 2311 950 2346 »
980 2283 1196 2354 Fodientcs
1216 2283 1340 2376 igitur
1366 2277 1521 2381 (1281)
1551 2284 1663 2356 inue-

216 2411 364 2477 nerunt
392 2409 510 2500 pedes
538 2410 625 2500 eius
652 2431 745 2502 prae
775 2413 903 2480 terrac
945 2409 1117 2502 pondere
1158 2407 1405 2497 livescentes,
1437 2408 1529 2478 inde
1566 2430 1661 2503 vero

215 2537 328 2601 nates
357 2539 463 2602 terra
491 2539 697 2621 (sommas,
718 2533 786 2604 alii
816 2539 949 2610 autem
980 2532 1247 2626 percutientes
1276 2532 1407 2626 sappis
1436 2532 1476 2602 in
1494 2534 1659 2628 capello,

214 2656 321 2746 (prod
363 2657 525 2750 gerebat
564 2658 604 2727 in
635 2658 775 2750 capite,
815 2658 893 2728 tria
933 2657 1133 2734 foramina
1176 2656 1439 2749 perfecerunt.
1476 2657 1661 2752 Cumque

213 2801 380 2870 puerum
411 2782 458 2852 dc
491 2783 563 2852 sub
602 2789 707 2854 terra
743 2783 967 2870 traxissent,
996 2781 1113 2852 rivus
1145 2781 1342 2874 apparuit,
1377 2783 1443 2852 sed
1481 2784 1658 2876 graviter

214 2913 511 2998 conquassatus.
547 2907 889 2998 Interrogantibus
917 2911 1050 2976 autem
1081 2905 1283 2992 fratribus
1313 2905 1485 2998 spiraliter
1523 2903 1659 2978 vivere'

215 3037 370 3121 poterat
400 3031 472 3100 sub
501 3031 631 3116 ruina,
662 3030 883 3122 rospondit:
911 3057 928 3096 ‹<
952 3029 1102 3100 Beatus
1122 3029 1329 3100 Antonius
1347 3053 1513 3102 inanum
1544 3053 1657 3102 sitam

215 3153 346 3224 tenuit
365 3176 483 3246 snper
502 3159 641 3248 guttur
662 3175 816 3238 memn;
838 3181 855 3216 1»
880 3155 986 3247 «prod
1015 3154 1222 3224 audientes
1242 3153 1419 3246 plurimi,
1442 3156 1510 3248 qui
1531 3157 1659 3226 adsta-

215 3279 324 3368 bant,
344 3277 525 3348 Domino
554 3283 593 3348 et
622 3282 758 3349 sancto
788 3275 971 3349 Antonio
1000 3282 1131 3372 grates
1160 3277 1314 3349 debitas
1344 3279 1655 3371 [111111011111111112

428 3525 626 3619 (Sequitur
654 3526 853 3617 ‹linlopnm
880 3526 1003 3618 pcipi-t
1031 3533 1218 3596 nmnator
1236 3521 1313 3619 fol.
1345 3530 1443 3617 307:

321 3772 408 3876 (37)
437 3775 556 3846 Miles
598 3775 760 3868 qnidam
799 3775 865 3844 de·
885 3773 1006 3846 Salva
1043 3773 1176 3859 Terra,
1217 3772 1452 3844 .·llem·‹linm
1479 3775 1657 3864 nomine,

213 3924 303 3970 cunr
334 3901 383 3971 ab
413 3900 576 3970 ineunte
604 3898 853 3969 discretionis
881 3905 1060 3990 tempore
1087 3899 1192 3968 foret
1220 3897 1421 3968 haeretica
1458 3897 1656 3990 pravitate

214 4025 386 4111 delusus,
416 4023 563 4095 auditis
594 4022 845 4093 mirabilibus
864 4022 960 4092 dicti
990 4021 1113 4114 patris
1141 4021 1206 4092 die
1230 4021 1404 4115 quadam
1424 4043 1515 4092 cum
1535 4044 1658 4093 uxore

214 4173 258 4220 nc
280 4149 436 4219 tamilla
465 4147 646 4218 Paduam
677 4142 833 4244 (1311)
861 4146 1026 4216 veniens
1059 4146 1301 4216 constitutus
1329 4146 1370 4216 in
1402 4167 1538 4216 mensa
1566 4168 1657 4216 cum

214 4272 501 4366 prandentibus
517 4272 656 4342 ceteris
671 4293 789 4364 super
804 4269 1007 4340 miraculis
1023 4267 1197 4342 Antonii
1212 4271 1453 4342 conferebat.
1467 4268 1659 4341 Assoron-

214 4399 320 4470 tibus
335 4403 468 4468 autem
488 4397 566 4468 illis
582 4396 695 4466 illum
714 4396 845 4488 ipsum
861 4395 946 4465 fore
964 4395 1155 4465 veraciter
1166 4404 1347 4466 sanctum
1361 4394 1453 4482 Dei,
1466 4405 1658 4466 evacuato

214 4543 332 4614 quem
353 4544 477 4591 mann
497 4520 657 4590 tenebat
676 4520 821 4611 cyatho
841 4520 968 4591 vitreo
988 4519 1030 4589 in
1051 4520 1149 4590 baec
1169 4519 1290 4591 verba
1308 4519 1435 4590 ferme
1456 4519 1654 4612 prorupit:

218 4672 234 4710 1
258 4643 302 4718 Si
331 4639 520 4737 cyathum
551 4645 671 4715 istum
693 4643 973 4715 inconcussum
994 4643 1222 4732 servaverit,
1244 4665 1363 4737 quem
1384 4665 1453 4714 vos
1473 4647 1656 4714 sanctum

320 4975 420 5046 ¹Lepr.
442 4977 477 5040 A,
499 4992 529 5030 n.
550 4977 595 5044 46,
617 4977 692 5030 Boll.
715 4993 744 5031 u.
766 4978 810 5030 66.

319 5069 328 5096 ¹
347 5065 382 5118 ln
403 5064 475 5134 Lep.
497 5063 521 5116 Α
542 5064 634 5134 deest,
656 5065 732 5118 Boll.
754 5081 784 5119 n.
806 5065 850 5118 61,
