3902 5570
666 409 723 461 nn
756 409 897 461 rrnsro
930 407 1230 462 rtltunl'uull'ro.
1618 387 1668 458 39

226 661 297 710 sua
329 637 418 709 Deo
438 643 478 710 et
497 639 613 710 fratri
635 638 896 710 Benevenuto
917 643 1056 711 votum
1079 640 1200 730 vovit,
1222 639 1340 732 quod,
1362 639 1393 709 si
1423 639 1473 709 ab
1503 637 1670 710 intinni-

227 767 307 834 tete
336 785 407 834 sna
435 786 522 835 earn
557 764 868 836 misericorditer
910 765 1110 852 liberaret,
1154 764 1425 858 virginitatem
1470 763 1668 834 illibatam

227 887 407 958 Domino
440 889 659 960 custodiret
687 895 726 960 et
755 890 865 960 omni
903 911 1009 960 anno
1038 889 1102 960 die
1131 888 1390 982 depositionis
1409 888 1495 982 ejus
1524 888 1671 981 absque

226 1033 328 1104 pane
343 1015 383 1083 et
397 1014 494 1084 rino
510 1013 720 1085 humiliter
729 1013 950 1107 jejunaret.
972 1013 1131 1086 Ernisso
1160 1013 1283 1107 igitur
1311 1019 1405 1084 roto
1434 1011 1670 1084 contras-tati

227 1137 340 1207 nervi
373 1159 528 1210 necnon
562 1143 603 1210 et
636 1137 758 1210 tibiae
786 1139 949 1210 natibus
977 1139 1239 1210 adhaerentes
1267 1145 1483 1231 coeperunt
1512 1137 1672 1208 extendi

226 1281 318 1330 cunr
352 1261 522 1354 strepitu
552 1267 592 1332 et
620 1263 776 1356 fragore
806 1263 874 1350 ita,
904 1264 1009 1356 quod
1047 1261 1260 1334 interuallo
1296 1262 1452 1333 modico
1482 1261 1672 1354 temporis

227 1384 462 1455 decurrente
490 1407 514 1456 a
542 1385 644 1457 lecto
677 1387 920 1457 descendens
949 1409 1040 1457 cnm
1070 1409 1203 1457 sorore
1232 1409 1304 1458 sua
1332 1386 1506 1480 perrexit
1534 1386 1584 1455 ad
1614 1392 1673 1456 tu-

227 1508 382 1578 mulum
413 1509 510 1580 dicti
538 1511 686 1597 fratris,
718 1514 757 1581 et
786 1535 832 1581 ex
862 1513 947 1582 toto
974 1512 1095 1582 rediit
1123 1510 1327 1582 liberata.¹

332 1627 421 1731 (14)
437 1631 628 1706 Sacerdos
644 1635 820 1728 quidam,
842 1633 1035 1709 Cluurnus
1049 1636 1226 1723 nomine,
1244 1637 1291 1707 de
1308 1634 1499 1720 Baudcla‚
1511 1635 1673 1728 juratus

227 1757 407 1847 asseruit,
438 1758 555 1851 quod,
586 1759 680 1830 dum
712 1763 828 1830 nocte
858 1761 1029 1854 quadarn
1053 1761 1094 1830 in
1125 1761 1227 1832 lecto
1256 1783 1327 1831 suo
1356 1759 1556 1831 decubans
1576 1759 1673 1850 vigi-

227 1880 340 1970 laret,
358 1882 471 1952 nulla
499 1905 667 1975 persona
699 1883 782 1954 visa
810 1885 934 1956 sensit
962 1885 1037 1956 sibi
1068 1885 1192 1956 ictum
1222 1883 1308 1955 lieri
1338 1885 1379 1954 in
1410 1883 1575 1954 uraxilla
1603 1883 1672 1968 ita,

227 2007 334 2099 quod
362 2029 405 2077 os
434 2007 522 2099 ejus
549 2008 701 2078 factum
733 2013 792 2079 est
829 2009 884 2080 sic
915 2009 1136 2102 obliquum,
1167 2011 1274 2102 qnod
1303 2009 1507 2080 horrerent
1539 2008 1674 2078 riden-

227 2129 335 2202 tibus
363 2131 448 2224 ipsa
485 2134 646 2203 tersites
679 2133 904 2204 inducebat.
936 2131 1088 2204 Oculus
1122 2154 1280 2227 qnoque
1313 2133 1474 2204 sinister
1503 2133 1547 2226 (f.
1579 2129 1674 2230 atil)

227 2264 315 2358 ejus
343 2264 478 2336 taliter
507 2265 642 2337 extitit
670 2267 937 2360 perturbatus,
959 2267 1064 2361 qnod
1094 2267 1304 2338 reversatis
1332 2267 1531 2360 palpebris
1560 2266 1675 2336 inun-
1712 2283 1718 2298 ·

227 2389 431 2460 dationem
450 2391 709 2462 lacrimarum
719 2392 876 2486 jugiter
887 2391 1111 2462 emittebat.
1130 2389 1309 2463 Oonsilio
1324 2391 1449 2484 igitur
1466 2395 1672 2462 matronae

227 2515 290 2608 cuj
299 2515 438 2587 usdam
454 2515 502 2586 de
519 2515 705 2606 (lornet0,
727 2539 827 2610 quae
847 2539 871 2588 a
890 2516 1002 2588 lluxu
1022 2516 1229 2610 sanguinis
1249 2516 1299 2587 ad
1319 2516 1573 2608 sepulchrum
1597 2515 1675 2586 fra-

228 2640 300 2710 tris
339 2634 591 2712 Bener·enuti
620 2641 751 2712 fuerat
788 2641 968 2730 liberata,
1007 2641 1138 2712 dictus
1175 2641 1381 2735 presbyter
1417 2641 1582 2710 accessit
1624 2641 1673 2711 ad

228 2764 445 2854 tumulum,
479 2789 524 2836 ao
562 2766 703 2837 devote
742 2765 854 2838 flexis
887 2767 1056 2860 genibus
1094 2788 1225 2836 coram
1257 2788 1303 2836 eo
1332 2765 1505 2858 psalmos
1539 2765 1675 2857 poeni-

228 2890 426 2980 tentiales,
447 2891 551 2961 sicut
578 2893 745 2984 poterat,
777 2891 1019 2962 ruminabat.
1052 2889 1153 2963 Onm
1185 2895 1319 2963 curtem
1349 2892 1398 2962 ad
1428 2889 1669 2962 versiculum

227 3015 373 3106 quarti,
404 3015 472 3085 nbi
501 3015 668 3108 legitur:
703 3013 896 3088 «Averte
934 3016 1078 3086 faciem
1118 3019 1229 3087 tuam
1259 3039 1283 3086 a
1311 3016 1484 3109 peccatis
1512 3016 1669 3104 meis»

228 3138 433 3231 presbyter
462 3139 721 3232 pervenisset,
762 3139 891 3211 visum
932 3143 994 3211 est
1021 3140 1097 3210 sibi
1135 3161 1299 3211 manum
1341 3140 1555 3232 (lnamdarn
1591 3147 1676 3210 tau-

224 3284 319 3362 gerc
348 3263 390 3333 in
418 3263 597 3351 rnaxilla,
627 3285 730 3357 quae
761 3264 981 3336 cristatum
1014 3264 1230 3356 pristinum
1264 3263 1466 3334 revocarit
1495 3287 1537 3334 os
1575 3264 1674 3356 ejus,

225 3393 264 3460 ct
284 3389 499 3463 ,desiccatis
520 3388 696 3459 lacrimis
716 3388 822 3460 oculi
843 3389 1067 3482 perturbati
1087 3388 1247 3482 plenam
1280 3388 1387 3459 illico
1419 3387 1565 3459 habere
1596 3411 1676 3459 rno-

232 3514 315 3584 rnit
343 3513 572 3584 sanitatem.

335 3633 424 3736 (15)
457 3637 608 3724 Bonna,
643 3639 778 3710 inians
815 3637 1021 3710 Oorveseri
1056 3639 1103 3710 de
1137 3637 1325 3726 Corneto,
1356 3638 1519 3730 juratus
1561 3637 1675 3724 dixit,

229 3764 347 3856 quod,
364 3785 455 3833 cunr
473 3785 573 3833 uxor
592 3763 691 3856 epus,
713 3763 939 3837 illurnundo
961 3763 1137 3851 nomine,
1160 3767 1330 3855 utroque
1354 3762 1452 3855 pede
1473 3767 1679 3863 ‹eornracta

228 3889 311 3958 fere
330 3887 487 3958 dnobus
505 3887 623 3958 antris
637 3887 832 3980 jacuisset
853 3887 1124 3958 membrorum
1149 3886 1332 3957 omnium
1354 3886 1506 3956 viribus
1528 3885 1539 3922 ²
1561 3885 1678 3955 desti-

228 4015 328 4097 tuta,
358 4033 548 4104 suspenso
585 4011 634 4082 ad
671 4009 826 4082 trabem
856 4011 953 4082 fune
984 4010 1169 4082 manibus
1199 4010 1369 4103 propriis
1407 4033 1447 4079 se
1477 4009 1676 4079 movebat.

228 4133 340 4226 Quae
368 4140 458 4229 post
477 4135 633 4207 obitum
653 4135 790 4206 fratris
824 4135 1074 4207 Benevenuti
1094 4135 1144 4205 ad
1164 4134 1423 4227 sepulchrum
1443 4133 1531 4226 ejus
1549 4133 1678 4205 tribus

227 4259 381 4330 vicibus
410 4267 469 4330 est
497 4260 699 4353 perducta,
730 4260 797 4331 sed
827 4257 911 4331 vioe
950 4259 1069 4331 tertia
1097 4259 1276 4352 plenarie
1306 4258 1473 4330 liberata
1504 4259 1547 4351 (f.
1580 4257 1676 4353 52’“)

229 4383 398 4476 pedibus
426 4368 598 4478 propriis
627 4384 824 4455 remeavit
853 4384 895 4455 in
925 4405 1009 4455 sna.

336 4507 420 4602 (16)
437 4505 627 4579 Matrona
642 4508 851 4602 quaedam,
867 4507 896 4580 J
900 4508 1040 4580 osiana
1054 4507 1262 4596 vocabulo,
1279 4508 1327 4579 de
1340 4507 1526 4597 Corneto,
1539 4509 1679 4601 jurata

228 4632 423 4724 deposuit,
453 4632 571 4724 qnod,
592 4655 683 4703 curn
709 4633 822 4706 (iimcc
844 4632 1052 4704 Boccorius
1069 4633 1250 4704 'rrraritus
1269 4633 1358 4728 ejus
1388 4656 1456 4726 per
1485 4657 1612 4704 annos
1635 4652 1678 4702 lx

251 4953 254 4958 ·
337 4939 346 4965 ²
367 4935 410 4990 Cf.
433 4937 558 4992 Tossru.
582 4937 600 4991 l.
623 4955 649 4991 c.
670 4939 689 4991 l.
711 4937 770 4990 b'bv'.

337 5037 346 5061 ²
367 5025 466 5080 Codex
486 5027 626 5080 «virium
640 5046 666 5100 ⁹:
