3880 5568
660 431 717 484 nn
748 429 996 512 vrsmursscs
1025 429 1249 482 ulularum.
1326 375 1336 392 ⁹
1587 410 1674 480 llll

339 662 548 736 Narratur.
579 661 694 750 Ecce,
723 663 860 752 frater,
890 665 986 734 dum
1025 665 1129 736 votis
1158 663 1238 736 tuis
1274 663 1482 734 caritative
1520 683 1673 732 morem

229 809 366 882 gerere
395 787 543 876 studui,
572 787 783 858 verborum
814 789 1089 876 multitudine,
1119 789 1222 860 sicut
1250 787 1405 872 assolet,
1446 787 1676 858 incurrente

231 913 395 988 modum
440 912 665 984 collationis
707 901 877 1005 excessi3
922 937 968 986 eo
1006 920 1142 985 tamen
1181 913 1352 984 arbitror
1385 912 1488 982 milri
1514 910 1675 982 facilius

230 1037 537 1131 indulgendum,
558 1044 697 1131 quote
733 1039 888 1132 saepius
916 1039 1143 1110 auditorum
1174 1059 1311 1108 causas
1339 1037 1496 1107 enixius
1515 1057 1677 1130 percon-

231 1167 343 1232 tante
372 1166 531 1234 coactus
560 1185 646 1249 sum
678 1187 701 1234 a
730 1165 931 1258 proposito
961 1162 1203 1236 narrationis
1231 1169 1389 1234 nostrae
1409 1183 1526 1232 cursu
1545 1155 1703 1232 diver-'

231 1289 327 1370 tere,
357 1287 397 1354 et
424 1283 626 1373 rationum
656 1285 818 1356 semitas
853 1306 1136 1382 usquequaque
1165 1311 1234 1381 per
1262 1288 1480 1358 condensos
1513 1285 1677 1356 frutices

231 1406 517 1500 scripturarum
562 1410 674 1502 quasi
717 1409 945 1481 latitantem
989 1411 1156 1483 bestiam
1194 1407 1249 1510 (f.
1280 1411 1390 1505 149²)
1431 1411 1677 1510 investigans

231 1553 370 1602 cruere
392 1532 512 1624 ,juxta
541 1532 645 1604 vires
673 1533 824 1626 ingenii
863 1537 1072 1606 attentari.
1104 1533 1216 1609 Sient
1257 1537 1363 1607 cnim
1409 1536 1517 1606 carus
1559 1557 1677 1604 vena-

232 1656 333 1726 tioni
363 1655 520 1728 deditus
550 1678 629 1728 non
659 1679 815 1751 semper
842 1661 1087 1732 continuatis
1124 1661 1303 1754 passibus
1340 1683 1500 1732 cursum
1538 1659 1678 1754 dirigit

230 1779 272 1850 in
303 1780 512 1868 directum,
529 1781 596 1852 sed
624 1789 694 1853 aut
723 1784 867 1876 pedum
900 1785 1066 1878 vestigia
1094 1785 1243 1855 bestiae
1273 1780 1544 1876 praecedentis
1572 1784 1678 1853 iuce-

231 1905 330 1976 dens
361 1909 431 1976 aut
450 1907 602 1998 profusi
622 1915 726 1978 certe
755 1908 906 1979 cruoris
935 1908 1085 1979 intuitu
1101 1917 1349 2002 provocatus,
1370 1931 1675 2002 nonnumquam

231 2051 327 2100 vero
355 2030 478 2102 solius
506 2030 637 2103 odoris
674 2055 790 2104 auras
824 2033 956 2127 sagaci
983 2055 1080 2104 nare
1109 2033 1330 2126 percipiens
1373 2055 1480 2104 nuuc
1518 2033 1559 2104 in
1599 2033 1677 2124 via,

232 2175 341 2225 nunc
369 2176 438 2247 per
466 2155 593 2244 devia,
623 2179 731 2228 nunc
759 2157 932 2246 sinistra,
962 2179 1070 2228 nunc
1099 2157 1272 2246 dextera,
1303 2180 1410 2228 nuuc
1439 2163 1544 2248 ante,
1570 2181 1679 2257 nunc

233 2283 338 2350 retro
380 2279 634 2372 concupitam
664 2281 737 2352 sibi
768 2281 954 2374 praedam
986 2279 1142 2352 anhelis
1170 2281 1351 2352 cursibus
1379 2285 1677 2374 perscrutatum

231 2403 288 2473 sic
317 2403 510 2474 nimirum
542 2426 699 2476 neccsse
733 2401 1056 2502 [estlrationum
1098 2405 1234 2476 abdita
1262 2407 1539 2500 pe[nctraudo]
1570 2429 1679 2478 nuno

234 2549 340 2616 vera,
370 2549 478 2598 nuno
506 2528 620 2616 falsa,
641 2550 748 2599 nunc
777 2529 936 2617 similia,
958 2552 1066 2600 nuuc
1094 2531 1305 2618 contraria,
1327 2533 1565 2624 quantisque
1586 2554 1679 2602 vero

231 2653 509 2723 antecedentia
538 2659 577 2723 et
605 2655 900 2747 consequentia,
931 2656 1092 2726 demum
1123 2660 1257 2726 autem
1289 2656 1565 2748 contingentia
1599 2679 1680 2726 rne-

231 2777 364 2864 ditari,
395 2778 440 2848 ut
481 2778 667 2850 vestitam
698 2779 810 2872 quasi
854 2780 959 2850 nube
1003 2779 1294 2870 intelligentiae
1324 2781 1510 2852 tardioris
1547 2781 1676 2852 lucem

233 2902 412 2973 veritatis
455 2903 620 2974 educere
659 2909 728 2975 aut
757 2905 871 2997 (quasi
901 2905 1043 2996 pannis
1072 2903 1267 2976 infantiae
1296 2905 1526 2976 obvolutam
1572 2903 1680 2976 infir-

233 3027 370 3098 mioris
400 3027 551 3122 ingenii
581 3028 798 3100 ruditatem
842 3029 1044 3099 rationum
1075 3028 1239 3120 spiculis
1267 3029 1518 3100 dissolvendo
1548 3029 1680 3102 valeat

232 3152 445 3224 illustrare.
476 3151 560 3224 Nec
589 3159 725 3224 tamen
755 3154 905 3225 extimo
934 3175 1129 3246 magnum
1157 3141 1310 3246 aliquid
1340 3161 1410 3224 aut
1435 3155 1678 3247 profundum

233 3277 274 3346 in
305 3300 486 3370 processu
516 3279 645 3371 operis
674 3299 763 3348 meu
783 3277 858 3348 tibi
877 3277 1089 3370 diligentia
1109 3277 1172 3348 vcl
1192 3277 1391 3348 industria
1419 3279 1680 3366 declaratum,

232 3405 301 3474 sed
330 3404 565 3496 plerumque
594 3404 812 3475 sententias
841 3403 1044 3474 seniorum
1075 3409 1115 3474 ct
1144 3385 1379 3497 opinionum
1421 3403 1465 3496 (l'.
1489 3398 1601 3502 ΜΨ)
1630 3403 1684 3473 ri-

233 3528 347 3598 vulos
375 3533 625 3600 sasenates
654 3529 859 3622 quacrenti
883 3527 957 3598 tibi
978 3533 1146 3598 conmus
1166 3549 1254 3598 sum
1271 3529 1392 3620 juxta
1418 3527 1681 3627 capacitatem

232 3651 384 3742 ingenii
403 3651 652 3744 respondere,
673 3653 790 3746 quod,
811 3652 915 3723 sicut
943 3651 1039 3738 dixi,
1073 3658 1302 3722 sanctorum
1335 3659 1440 3722 certe
1470 3653 1683 3723 sententiis

233 3781 304 3844 aut
323 3775 530 3846 doctorum
551 3775 681 3860 dictis,
702 3775 779 3846 nisi
800 3775 930 3861 fallar,
948 3777 1116 3846 memini
1133 3799 1196 3846 mc
1216 3775 1368 3866 legisse.
1391 3775 1444 3846 Et
1465 3775 1572 3847 hunc
1588 3799 1681 3866 crgo
1730 3811 1735 3822 .

232 3919 462 3968 sermonum
478 3899 578 3968 mihi
597 3898 715 3969 tinem
734 3899 988 3988 constituam,
1005 3903 1061 3988 ut,
1078 3899 1320 3993 quicumque
1337 3899 1471 3970 minus
1487 3901 1527 3969 in
1545 3900 1681 3992 aliquo

233 4045 297 4092 me
312 4021 457 4092 dixisse
472 4022 704 4115 cognoverit
718 4023 766 4094 de
786 4023 1014 4116 praedictis,
1036 4025 1233 4090 errantem
1258 4018 1389 4111 potius
1408 4018 1592 4112 corrigat.
1615 4017 1681 4090 Sic

234 4169 392 4241 qnoque
420 4147 639 4218 terminum
666 4147 887 4219 narrationi
918 4153 1075 4217 nostrae
1095 4143 1193 4216 duxi
1212 4143 1487 4236 praesentibus
1507 4147 1681 4214 statuen-

234 4274 343 4361 dmn,
374 4278 419 4344 ut
448 4294 701 4366 nequaquam
732 4273 847 4366 plura
866 4271 1083 4342 scientibus
1113 4274 1183 4339 aut
1212 4268 1368 4360 arctiora
1387 4267 1434 4338 dc
1455 4268 1576 4360 gestis
1604 4269 1682 4340 fra-

234 4401 339 4467 trum
362 4397 583 4468 narratnris
612 4395 826 4484 invideam,
847 4395 914 4466 sed
940 4393 1112 4466 addendi
1141 4391 1273 4484 polim
1302 4391 1499 4462 fratrum¹
1531 4393 1681 4486 gloriae

234 4523 479 4592 occasionem
501 4521 676 4614 aliquam
700 4543 788 4591 mco
804 4520 936 4591 studio
951 4519 1145 4613 gaudeam
1163 4516 1417 4610 praestitisse.
1440 4515 1527 4587 Hoc
1544 4525 1679 4589 tamen
1707 4537 1710 4542 ·

234 4644 317 4715 solo
332 4644 518 4716 lectorem
541 4644 684 4715 horum
706 4644 821 4736 cupio
840 4644 925 4714 forc
946 4640 1250 4723 commonitum,
1273 4639 1391 4733 qued,
1412 4640 1514 4712 sicut
1534 4665 1557 4712 a
1578 4642 1682 4734 prin·
1730 4647 1739 4662 ‘

234 4767 339 4860 cipio
358 4767 599 4839 narrationis
619 4767 715 4856 dixi,
736 4767 863 4838 sancti
884 4765 1008 4860 patris
1038 4763 1240 4835 Francisci
1271 4763 1411 4836 titulos
1431 4764 1599 4834 acutiori
1621 4765 1682 4834 iu-

341 5043 350 5070 ²
370 5036 470 5092 Codex
490 5057 505 5088 «
519 5037 689 5092 addendum
709 5039 807 5107 potius
827 5039 951 5091 iratrum
965 5055 990 5092 ».
