3880 5568
718 385 772 436 un
803 385 945 446 rnm'ro
977 382 1280 436 unsaramma.

382 611 470 714 (36)
484 615 634 688 Donna
648 617 797 703 llario,
819 621 1083 710 cognomento
1100 614 1207 704 (lica,
1223 617 1362 708 jurata
1382 615 1577 710 deposuit,
1599 617 1716 708 quod,

276 763 365 810 cum
396 741 495 812 duas
528 741 693 812 haberet
724 740 839 829 filias,
884 763 964 811 una
1001 761 1170 832 quarum
1207 762 1277 833 per
1309 762 1436 810 annos
1474 744 1646 833 ‹pratuor
1675 740 1715 808 iu

276 869 445 958 gutture·
467 865 598 935 fuerat
626 865 857 953 scrul'ulosa,
888 843 1014 935 altera
1042 885 1135 934 vero
1165 867 1246 934 tam
1277 863 1435 935 fortiter
1454 869 1656 956 pateretur
1676 864 1715 934 in

276 987 416 1076 ancha,
452 989 556 1081 qnod
590 1010 658 1058 sex
696 984 897 1059 mensium
935 987 1064 1081 spatio
1094 1009 1173 1058 non
1203 1009 1244 1058 se
1273 993 1430 1080 poterat
1458 987 1620 1082 erigere,
1651 988 1717 1058 scd

276 1133 349 1182 nec
378 1112 446 1200 ire,
477 1112 691 1204 assumptis
719 1133 852 1182 secum
884 1111 1043 1182 filiabus
1071 1112 1120 1182 ad
1150 1111 1406 1204 sepulchrum
1427 1111 1552 1183 sancti
1583 1111 1720 1182 fratris

277 1233 485 1305 humiliter
515 1235 752 1328 properarit.
783 1234 872 1325 Quo
902 1257 991 1305 cum
1022 1234 1170 1306 festina
1199 1256 1269 1326 pro
1298 1237 1392 1306 voto
1421 1235 1567 1332 mulier
1587 1256 1720 1326 perve-

277 1359 426 1446 nisset,¹
450 1359 573 1430 tiliam
612 1381 738 1448 suam,
777 1381 878 1452 quae
915 1359 1138 1430 scrufulosa
1176 1359 1320 1446 fuerat,
1359 1377 1478 1452 super
1515 1359 1718 1430 tumulmn

277 1483 498 1570 collocarit,
515 1483 681 1554 alteram
695 1506 788 1554 vcro
803 1483 1013 1554 constituit
1028 1487 1121 1554 ante
1137 1483 1271 1571 illum;
1288 1505 1406 1554 orans
1422 1481 1545 1576 igitur
1561 1483 1720 1554 enixius

278 1629 347 1700 pro
376 1603 532 1704 (1:63⁴)
567 1607 695 1678 salute
729 1606 902 1678 tiliarum
939 1629 1100 1678 suarum
1151 1607 1433 1678 intercessione
1466 1605 1603 1678 fratris
1631 1629 1721 1678 san-

277 1731 443 1802 ctissimi
461 1732 669 1824 utriusque
690 1731 797 1802 filiae
816 1754 910 1802 mox
926 1732 1149 1824 promeruit
1164 1731 1390 1802 sanitatem.
1409 1730 1581 1802 Addidit
1596 1731 1717 1803 etiam

276 1854 423 1926 mulier
452 1855 690 1948 supradicta,
711 1856 830 1948 quod,
851 1877 941 1926 cum
963 1854 1168 1926 mensibus
1187 1859 1359 1948 quatuor
1388 1855 1570 1948 pollicem
1594 1877 1717 1926 uuum

278 2003 421 2050 manus
450 2003 543 2051 suae
574 1989 686 2051 tanto
722 1980 857 2050 dolore
891 1981 1097 2072 perfusum
1134 1980 1309 2068 haberet,
1340 1981 1445 2074 (prod
1474 2001 1565 2051 cum
1597 2003 1719 2050 manu

277 2105 382 2175 nihil
410 2109 566 2197 poterat
595 2105 760 2176 omnino
790 2105 959 2198 operari,
995 2105 1129 2200 tetigit
1157 2105 1361 2176 tumulum
1391 2127 1482 2176 cum
1513 2106 1652 2176 eadem
1681 2110 1722 2176 et

278 2229 408 2322 coepit
437 2229 545 2300 illice
575 2231 775 2317 resmlare,
805 2253 850 2299 ac
874 2231 1087 2302 recedente
1116 2231 1259 2301 sudore
1287 2229 1401 2302 dolor
1420 2231 1552 2301 omnis
1572 2230 1723 2323 pariter

278 2357 498 2426 recedebat.

384 2477 472 2580 (37)
495 2481 718 2552 (lrurdilriliu
745 2481 950 2551 lor-mauu
963 2481 1102 2573 jurata
1121 2482 1315 2574 deposuit,
1337 2483 1455 2574 quod,
1483 2505 1574 2552 cum
1604 2481 1722 2552 annis

279 2625 350 2676 rur
371 2612 526 2696 guttam
548 2607 781 2677 arteticam¹
814 2607 855 2676 in
876 2607 1063 2678 manibus
1082 2629 1198 2700 passa
1217 2609 1322 2678 foret
1345 2608 1413 2695 ita,
1435 2607 1539 2700 quod
1561 2627 1633 2676 nec
1657 2627 1723 2676 eas

278 2732 328 2801 ad
357 2753 400 2802 os
428 2732 584 2819 ducere,
615 2753 688 2801 nec
722 2731 875 2825 aliquid
908 2732 1063 2824 operari
1101 2732 1265 2818 valeret,
1295 2731 1459 2802 accessit
1491 2730 1541 2802 ad
1579 2753 1723 2822 corpus

280 2855 414 2926 fratris
431 2853 696 2946 Benevennti,
716 2857 810 2926 dum
834 2857 964 2927 adhuc
993 2856 1181 2928 existeret
1200 2856 1460 2949 insepultum,
1481 2861 1521 2927 et
1540 2856 1722 2926 oratione

278 2982 385 3050 facta
415 3001 506 3050 mox
536 2979 658 3072 ipsius
687 2981 842 3051 meritis
871 2980 987 3073 plene
1015 2981 1171 3052 reddita
1199 2987 1258 3052 est
1285 2980 1462 3050 sanitati.

493 3231 690 3322 (Sequitur
718 3230 913 3322 diulopus,·
936 3231 1063 3322 prrpit
1094 3237 1277 3302 murotor
1295 3227 1372 3325 fot
1404 3232 1512 3319 pp),

385 3474 475 3580 (38)
494 3479 636 3550 Frater
650 3479 847 3550 ,humma
867 3480 914 3550 de
935 3477 1035 3550 Alto
1056 3479 1207 3550 Passu2
1225 3480 1386 3574 juratus
1406 3479 1586 3568 asseruit,
1603 3481 1722 3574 quod,

279 3629 370 3677 (uun
401 3603 665 3698 praedicando
693 3626 783 3673 cum
815 3604 920 3674 socio
949 3625 1019 3696 per
1048 3605 1293 3697 provinciam
1328 3603 1503 3697 Apuliae
1532 3626 1719 3699 magnam

281 3728 471 3824 pecuniae
492 3727 756 3820 quantitatem
780 3727 1013 3818 collegisset,
1035 3729 1195 3798 tandem
1218 3728 1412 3822 applicuit
1431 3728 1480 3798 ad
1502 3727 1720 3799 Oornetum

281 3878 351 3949 pro
379 3853 551 3946 petenda
578 3873 602 3922 a
630 3853 897 3923 confratribus
925 3853 1166 3924 eleemosina
1185 3853 1362 3924 annuali.
1393 3852 1724 3924 Discurrentibus

280 3983 415 4050 autern
458 3975 554 4068 ipsis
583 3998 653 4069 pro
681 3976 882 4068 praedicto
925 3976 1085 4070 negotio
1118 3999 1198 4070 per.
1218 3976 1435 4048 Gornetnm
1481 3977 1638 4066 accidit,
1678 3980 1724 4048 ut

282 4102 410 4174 smeius
438 4102 538 4194 ejus,
568 4101 635 4194 qui
665 4100 875 4193 pecuniam
897 4104 1159 4172 memoratam
1182 4101 1223 4172 in
1253 4101 1455 4194 marsupio
1475 4101 1723 4194 deportabat,

282 4227 393 4298 illam
424 4227 606 4319 perderet
625 4226 867 4320 ignoranter.
889 4225 1022 4320 Igitur
1041 4247 1159 4297 mane
1173 4227 1280 4297 facto
1300 4226 1450 4297 dictum
1473 4226 1722 4320 marsupium

282 4374 373 4422 cnm
416 4349 586 4444 pecnnia
627 4329 769 4420 mutuo
811 4349 1058 4443 requirentes
1100 4373 1182 4421 non
1226 4350 1390 4422 invento
1419 4373 1465 4420 eo
1507 4353 1724 4443 coeperunt

282 4475 500 4569 plurimum
532 4474 779 4559 contristari;
814 4495 984 4568 cumque
1022 4496 1091 4566 per
1128 4475 1306 4546 triduum
1337 4475 1377 4546 in
1410 4475 1483 4545 hac
1521 4473 1722 4546 moestitia

282 4599 603 4693 permansissent,
633 4620 705 4669 nee
736 4597 965 4668 hominibus
986 4619 1079 4668 suae
1108 4620 1268 4669 causam
1295 4599 1519 4670 moestitiae
1548 4621 1640 4692 prae
1661 4619 1724 4668 re·

389 4904 516 4958 ²Colex
539 4905 748 4958 «ardeutlcam
763 4922 794 4968 ›>;
815 4906 852 4956 ct,
875 4918 895 4956 r.
918 4902 1039 4957 Carum
1061 4921 1090 4957 n.
1114 4907 1174 4958 lll.

388 4995 531 5048 lll'auu.
553 4993 590 5046 ad
609 5008 657 5046 au.
683 4992 758 5050 12:52.
781 5008 810 5044 n.
834 4986 910 5046 xru'r
934 4993 1058 5046 «l'rani
1079 4993 1189 5046 Joanni
1211 4996 1353 5047 lloaoclro
1373 4995 1456 5065 niqra
1471 5014 1495 5048 a.
