3880 5568
455 450 511 502 ou
540 449 713 502 renuas
743 448 882 502 neruo
913 449 970 500 os
999 447 1150 502 arcura
1180 447 1386 502 umrours.
1591 427 1641 498 89

198 677 372 748 brachiis
391 677 529 750 attulit
544 678 585 748 in
601 678 790 750 extremis
809 677 915 750 ritae
935 677 1119 750 terminis
1139 678 1406 764 laborantem3
1427 699 1528 771 quae
1549 697 1640 747 oum

196 801 342 873 devota
360 801 605 894 pervenisset
632 803 682 873 ad
710 802 845 891 funus,
867 825 1031 873 manum
1053 802 1190 873 fratris
1209 823 1327 894 super
1356 801 1515 873 vultum
1532 800 1641 871 tiliae

194 925 336 998 salutis
363 927 491 1020 gratio
520 927 767 1012 traducebat3
789 949 838 997 ex
865 927 982 1020 cujus
1002 906 1112 998 tactu
1132 927 1269 998 statim
1300 926 1413 1020 virgo
1441 929 1556 998 tanta
1575 947 1640 996 ve-

196 1050 359 1122 locitate
388 1051 605 1138 convaluit,
635 1055 681 1123 ut
700 1051 748 1122 do
767 1051 853 1121 viso
882 1051 1076 1122 miraculo
1096 1073 1247 1136 omnes,
1278 1051 1346 1144 qui
1367 1050 1547 1138 aderaut,
1568 1049 1642 1120 mi-

196 1179 395 1247 rarentur.
496 1209 499 1216 ¹

303 1295 364 1402 (3)
384 1298 463 1372 Vir
482 1301 645 1394 quidam
662 1301 710 1378 de
730 1300 862 1372 ⁴llorere
883 1300 1073 1387 Rubicon,
1095 1323 1209 1372 crure
1229 1323 1310 1372 uno
1330 1323 1376 1371 ac
1394 1300 1559 1371 brachio
1592 1298 1641 1370 ti-

194 1423 339 1518 biaque
367 1429 607 1514 (contractus,
628 1426 678 1496 ad
698 1425 954 1518 sepulchrum
974 1425 1130 1496 fratris.
1144 1424 1258 1498 Petri
1287 1426 1452 1530 rgenieus
1481 1422 1639 1516 rogavit

194 1547 405 1620 humiliter
433 1554 472 1620 et
491 1550 645 1639 devote,
666 1553 712 1620 ut
739 1549 845 1641 apud
873 1547 1007 1624 Deum
1030 1549 1105 1620 sibi
1122 1549 1439 1620 misericordiam
1460 1547 1641 1619 obtinere

195 1679 369 1760 ornaret3
399 1696 571 1768 cumque
599 1697 717 1770 super
736 1673 940 1745 tumulum
966 1677 1236 1746 commoratus
1264 1675 1531 1746 desideratum
1563 1671 1640 1743 sibi

187 1819 276 1868 -uon
293 1797 459 1869 sentiret
487 1799 684 1870 arixiliurn
704 1798 917 1892 indulgeri,
938 1819 1034 1868 rooe
1063 1820 1210 1892 magna
1238 1798 1430 1870 clamarit
1448 1801 1489 1869 et
1517 1795 1638 1868 dixit:

201 1953 217 1986 «
250 1919 395 1992 Sancto
423 1921 647 2012 Frmreisoe,
677 1923 860 1994 conforta
880 1923 986 1992 buno
1014 1921 1178 1994 tratrem
1209 1921 1392 2012 Petrum,
1421 1925 1467 1992 ut
1495 1920 1640 1991 liberet
1730 2013 1735 2024 .

196 2045 317 2118 mel»
352 2047 577 2140 quodiam,
607 2070 698 2118 cum
728 2048 863 2141 aliquo
892 2052 1070 2138 tempore
1104 2047 1252 2140 [super]
1292 2046 1494 2119 tumulum
1530 2043 1640 2138 quie-

195 2169 328 2258 visset,
359 2193 479 2242 sanus
507 2171 614 2242 illico
644 2176 684 2244 et
712 2171 896 2242 exultant
925 2171 975 2241 ad
1005 2171 1166 2264 propria
1194 2171 1400 2242 remeavit.

302 2293 482 2366 Auditor.
513 2293 691 2368 Putasne
710 2296 846 2367 fratris
866 2295 980 2367 istius
999 2317 1052 2370 an
1072 2295 1205 2389 potius
1224 2295 1351 2368 sancti
1372 2296 1495 2389 patris
1515 2295 1640 2366 Fran,-

194 2419 287 2492 oisci
320 2420 519 2514 suffragiis
548 2423 609 2492 vir
642 2421 867 2515 praedictus
904 2421 1118 2496 sanitatem
1154 2419 1330 2492 obtinuit
1367 2421 1609 2513 postulatam
1621 2418 1639 2489 ‘l

302 2545 511 2618 ⁴llorntor.
534 2545 636 2618 item
665 2549 770 2617 certe
798 2545 1000 2618 difficilem
1031 2551 1071 2618 et
1100 2545 1289 2618 humenis
1318 2544 1498 2615 sensibus
1526 2544 1640 2616 abdi-

194 2672 277 2739 tam
299 2671 530 2763 quaesivisti
550 2675 590 2741 et
609 2671 788 2743 fortassis
808 2671 857 2742 ad
877 2670 1040 2764 plenum
1063 2691 1174 2742 ureae
1191 2669 1231 2760 (f.
1249 2669 1354 2756 1162)
1372 2668 1639 2762 responsionis

193 2795 352 2889 eloquio
381 2817 462 2868 non
491 2797 735 2868 solvendam.
766 2795 912 2867 Dicam
942 2799 1079 2867 tamen
1099 2819 1123 2866 a
1147 2793 1283 2881 simili,
1313 2793 1409 2887 quid
1439 2793 1568 2864 sentio
1588 2794 1637 2865 de

193 2920 386 3012 quaesito,
417 2927 576 3012 paratus
605 2943 761 3013 semper
802 2920 1025 2991 sententiae
1053 2919 1212 2990 eredere
1253 2919 1410 2988 meliori
1452 2941 1498 2988 ao
1526 2923 1633 2989 certe

193 3042 321 3114 tutius
349 3044 499 3114 discere
527 3046 739 3128 arbitrans,
769 3066 891 3137 quam
934 3044 1085 3115 docere.
1116 3043 1284 3117 Constat
1327 3065 1500 3136 namque
1551 3042 1634 3112 lan·

191 3166 359 3260 gnidum
389 3191 479 3240 rum
510 3192 578 3262 spe
606 3169 723 3240 tirum
765 3167 906 3239 salutis
935 3187 980 3239 ao
1011 3170 1157 3262 pietate
1200 3167 1293 3240 tidei
1331 3169 1380 3240 ad
1409 3167 1545 3240 fratris
1575 3173 1634 3241 tu-

192 3292 349 3364 mulum
380 3294 587 3365 aoeessisse
629 3293 807 3365 defuncti
839 3297 889 3382 et,
919 3293 1023 3365 sicut
1049 3315 1183 3365 rerum
1213 3293 1345 3365 exitus
1373 3293 1520 3382 docuit,
1551 3316 1635 3365 ora-

192 3415 316 3486 tionis
344 3417 539 3490 instantia
566 3418 752 3490 salutaris
780 3419 1000 3490 obtinuisse
1042 3419 1227 3512 gratiam,
1257 3441 1378 3513 quarn
1416 3418 1631 3512 quaesivit;

193 3561 315 3632 quam
354 3545 488 3612 tamen
527 3537 628 3636 'quia
657 3564 736 3613 non
767 3548 849 3612 tam
881 3544 972 3632 cito,
990 3547 1035 3614 ut
1063 3543 1204 3630 voluit,
1234 3547 1435 3614 assecutus
1465 3543 1633 3632 invenit,

171 3664 474 3758 ,multiplicatis
516 3667 841 3740 intercessoribus
883 3671 1065 3761 optatum
1109 3689 1257 3739 munus
1299 3668 1450 3762 gratiae
1479 3667 1637 3739 enixius

192 3789 402 3883 flagitavit.
442 3787 584 3862 Potuit
626 3813 718 3885 ergo
761 3791 859 3879 lieri,
890 3795 935 3862 ut
967 3797 1152 3864 votorum
1196 3792 1337 3864 dilatio
1379 3775 1634 3863 devotionern

192 3915 340 3986 mentis
368 3915 601 3986 accenderet
629 3915 671 3986 iu
700 3921 874 4010 aegroto,
904 3921 945 3989 ot
972 3916 1078 4010 quod
1107 3917 1226 3987 unius
1254 3901 1506 3986 invocatione
1540 3938 1638 3988 non-

192 4039 288 4110 dum
319 4043 436 4131 aptus
456 4039 647 4112 beneficio
667 4040 852 4112 sanitatis
871 4041 1051 4114 obtinere
1072 4064 1152 4113 non
1183 4041 1326 4134 potuit,
1350 4042 1495 4134 juncto
1515 4042 1637 4112 simul

191 4161 375 4254 magistri
404 4163 592 4257 suffragio
625 4164 837 4236 efficaciter
865 4165 1120 4258 irnpetravit3
1163 4166 1348 4259 quamvis
1390 4187 1484 4237 sane
1526 4165 1638 4236 salva

191 4286 285 4357 fidei
319 4285 466 4378 pietate
508 4287 672 4358 beatum
716 4299 869 4381 patrem
914 4287 1173 4363 Francisoum
1220 4290 1488 4384 propensioris
1529 4291 1636 4384 apud

191 4409 327 4482 Deum
348 4409 483 4482 meriti
504 4413 703 4484 curandus
723 4413 791 4484 ille
811 4435 933 4506 quam
953 4415 1118 4486 fratrem
1140 4414 1265 4486 istum
1285 4421 1390 4486 recte
1419 4413 1636 4508 putaverit,

192 4557 313 4629 quem
341 4536 417 4607 sibi
446 4536 488 4607 in
509 4536 706 4608 arixilium
727 4537 959 4625 advocarit3
990 4560 1062 4609 nec
1088 4539 1250 4610 honoris
1269 4539 1423 4632 aliquid
1452 4538 1637 4632 derogari

160 4730 165 4740 ,
192 4660 401 4752 discipulo,
431 4661 464 4732 si
492 4661 712 4732 cerimonia
739 4661 869 4734 laudis
888 4661 1050 4733 effusior
1069 4663 1202 4735 delata
1220 4663 1344 4734 fu'orit
1371 4659 1411 4735 et
1430 4663 1636 4758 magistro.

193 4783 306 4854 Hinc
334 4789 394 4855 est
421 4785 543 4874 enirn,
573 4787 680 4879 quod
708 4786 913 4879 propheta,
943 4787 1159 4880 prophetae
1196 4788 1426 4880 discipulus,
1456 4811 1547 4860 cum
1578 4810 1638 4860 re·

191 4907 289 4978 licto
318 4908 394 4978 sibi
422 4909 604 5002 magistri
638 4910 682 5001 (f.
705 4909 814 4999 116⁹)
852 4909 976 5004 pallio
1012 4911 1206 4984 Jordanis
1243 4935 1366 5006 aquas
1408 4913 1637 5006 percutiens

192 5031 409 5102 transitum
439 5031 608 5136 minime
637 5033 859 5125 reperisset,
888 5035 1081 5106 virtutem
1112 5058 1341 5134 memorans
1369 5036 1639 5132 praeceptoris
