3880 5568
543 411 602 462 Dll
633 411 804 463 biennale
835 410 1057 464 hullrlcosso
1087 412 1373 465 MASSANENSI.
1631 395 1681 466 55

239 643 433 738 religiosis
462 647 502 713 et
530 643 709 736 personis
738 641 827 714 aliis
855 641 1093 737 tide'dignis
1118 644 1166 715 de
1195 643 1380 736 operibus
1408 646 1447 713 ct
1475 643 1681 714 miraculis

209 768 334 841 vdicti
363 767 499 839 fratris
520 767 642 861 juxta
660 767 846 856 formam,
867 789 989 862 quam
1009 767 1122 839 vobis
1150 768 1223 838 snb
1252 767 1363 838 bulla
1390 745 1526 838 nostra
1555 770 1682 838 trans-

239 892 433 982 misimus,
472 891 706 985 diligentins
742 891 990 984 inquirentes
1036 892 1310 964 attestationes
1347 891 1512 963 testium
1549 914 1682 984 recep-

237 1023 370 1089 torum
401 1017 475 1088 suh
503 1015 645 1117 sigillis
674 1016 815 1087 vestris
844 1015 888 1110 (t'.
907 1013 991 1116 ill)
1019 1017 1167 1088 servari
1187 1015 1344 1088 faciatis
1363 1017 1536 1088 inclusas
1557 1037 1680 1110 usque

237 1141 287 1210 ad
307 1145 466 1211 nostrae
485 1115 782 1234 beneplacitum
804 1139 1035 1212 voluntatis
1066 1139 1215 1212 Forma
1233 1148 1366 1212 autem
1389 1135 1681 1211 commissionis

229 1264 335 1336 ‘haec
364 1268 439 1335 est:
461 1263 597 1336 Testes
625 1265 837 1358 legitimos,
858 1285 956 1357 qnos
984 1286 1102 1358 super
1130 1246 1213 1336 vita
1242 1269 1282 1336 et
1305 1265 1606 1337 conversatione
1635 1287 1679 1334 ar·

238 1387 441 1460 miraculis
460 1389 595 1459 fratris
617 1385 825 1460 Ambrosii
845 1388 996 1460 debetis
1024 1389 1249 1479 admittere,
1269 1391 1380 1484 prius
1408 1390 1458 1460 ab
1487 1389 1542 1460 eis
1571 1411 1681 1482 prae·

237 1511 332 1584 stito
356 1493 590 1606 juramento
619 1512 834 1606 diligenter
871 1513 1100 1584 examinare
1133 1515 1289 1603 cmetis,
1319 1519 1359 1585 et
1395 1515 1443 1584 de
1481 1513 1679 1602 omnibus,

237 1658 339 1729 qnae
381 1635 648 1729 deposuerint,
683 1636 936 1731 interrogetis
978 1637 1149 1727 eosdem,
1183 1637 1382 1732 quomodo
1425 1637 1567 1726 sciunt,
1602 1660 1681 1730 quo

238 1767 416 1854 tempore
458 1760 522 1830 vel
547 1783 638 1852 ¹quo
674 1760 762 1849 die,
797 1783 876 1854 quo
915 1761 1023 1850 loco,
1062 1763 1111 1833 ad
1155 1763 1269 1856 cujus
1311 1749 1605 1856 inroraticnem
1642 1765 1681 1832 et

237 1883 391 1978 quibus.
409 1884 542 1955 verbis
571 1885 830 1977 interpositis
855 1891 896 1958 et
924 1887 972 1958 de
1001 1885 1233 1958 nominibus
1261 1885 1436 1974 illorum,
1458 1885 1562 1956 circa
1581 1907 1680 1978 quos

236 2009 430 2084 miracula
458 2009 565 2081 facta
592 2009 793 2100 dicuntur,
824 2014 864 2080 et
892 2011 925 2082 si
953 2033 1018 2081 eos
1047 2016 1165 2082 antea
1193 2011 1494 2105 cognoscebant,
1516 2013 1555 2080 ct
1583 2013 1681 2104 quot

236 2133 375 2206 diebus
417 2138 510 2206 ante
553 2134 729 2206 viderint
771 2135 1006 2224 infirmatos,
1037 2139 1077 2206 et
1115 2139 1266 2228 quanto
1307 2140 1485 2228 tempore
1527 2133 1681 2204 infirmi

235 2257 387 2328 fuerint
428 2257 493 2328 vel
535 2259 686 2352 quanto
728 2257 804 2328 visi
846 2257 933 2328 sani
975 2258 1068 2346 siut,
1103 2263 1143 2329 ct
1185 2257 1290 2330 unde
1322 2257 1475 2329 fuerint
1503 2256 1679 2345 oriundi,

236 2388 276 2452 et
304 2381 602 2474 interrogentur
629 2382 678 2454 de
707 2381 894 2452 omnibus
923 2381 1235 2453 circumstantiis
1263 2381 1487 2475 diligenter,
1508 2385 1548 2452 et
1577 2380 1681 2451 circa

237 2505 395 2599 singula
432 2506 606 2600 capitula
643 2505 755 2597 fiant,
786 2509 832 2576 ut
860 2505 1031 2599 expedit,
1065 2508 1309 2578 memoratae
1348 2505 1611 2600 quaestiones,
1642 2509 1682 2576 et

236 2630 356 2701 series
385 2631 606 2702 testimonii
622 2653 666 2702 ac
682 2629 805 2701 rerba
820 2631 983 2702 testium
1001 2631 1174 2703 fideliter
1194 2631 1426 2725 redigantur
1446 2629 1487 2700 in
1508 2629 1678 2722 scriptis.
1745 2680 1747 2684 .

235 2753 391 2826 Datum
422 2753 611 2827 Laterani
642 2775 686 2826 vr
715 2755 796 2826 kal.
821 2755 946 2849 junii,
967 2755 1224 2850 pontificatus
1244 2756 1367 2827 nostri
1389 2777 1494 2826 anno
1524 2755 1676 2826 x1111⁰.¹

449 3001 647 3097 (Sequitur
676 3005 876 3097 diclopes;
897 3006 1027 3097 perpit
1056 3013 1241 3076 narrator
1259 3001 1336 3098 fol.
1373 3006 1465 3094 i27:

343 3252 400 3345 (1)
438 3249 712 3347 Ohr·isioforus,
748 3254 795 3323 de
833 3252 1022 3346 hospitali
1053 3252 1180 3323 sancti
1214 3250 1361 3348 Angcli
1391 3255 1438 3324 dc
1470 3252 1679 3324 Posterula

238 3376 527 3464 Urbisvcteris‚
558 3399 675 3471 snper
703 3376 781 3448 fide
810 3378 1096 3450 miraculorum
1126 3378 1263 3450 fratris
1293 3376 1498 3448 Ambrosii
1517 3377 1680 3471 juratus

235 3501 415 3590 asseruit,
445 3500 563 3594 quod,
593 3524 683 3572 cunr
722 3503 858 3574 decern
893 3525 1090 3574 annornm
1121 3503 1250 3595 spatio
1280 3525 1443 3574 manum
1474 3503 1678 3573 dexteram

235 3626 400 3698 haberet
437 3630 683 3697 contractam
722 3633 761 3698 et
798 3627 1007 3699 brachium
1047 3628 1303 3716 desiccatum,
1338 3629 1387 3698 ad
1422 3627 1677 3722 sepulchrum

235 3751 332 3822 dicti
351 3750 487 3820 fratris
516 3751 809 3843 recuperandae
838 3750 978 3822 salutis
997 3751 1128 3844 gratia
1148 3751 1314 3845 supplex
1334 3751 1466 3838 renit;
1498 3751 1563 3821 uhi
1586 3773 1675 3820 cum

207 3875 456 3946 -snbsidium
485 3874 694 3968 flagitans²
725 3875 768 3946 in
788 3876 967 3946 oratione
1003 3875 1243 3967 persisteret,
1274 3899 1344 3969 per
1372 3875 1495 3968 ipsius
1535 3874 1675 3944 hierita

234 3999 398 4070 sanitati
428 3998 606 4070 redditus
634 4001 684 4070 ad
712 3999 872 4093 propria
901 4000 1134 4072 remearit.³

341 4119 387 4222 (f.
406 4118 491 4221 72²³)
505 4117 567 4221 (2)
582 4121 772 4194 Matrona
791 4125 1000 4218 quaedam,
1017 4125 1215 4196 Armmnte
1236 4125 1439 4210 vocabulo,
1457 4146 1556 4194 uxor
1573 4121 1679 4217 Uge-

234 4247 309 4348 lini
324 4247 543 4319 Melechini
560 4248 608 4318 de
624 4247 711 4316 rico
726 4249 853 4330 sancti
874 4246 1076 4338 Andreae,
1088 4250 1227 4342 jurata
1242 4249 1435 4342 deposuit,
1452 4249 1570 4343 quod,
1587 4271 1678 4319 cum

236 4373 451 4466 peperisset
469 4371 599 4443 filium
621 4393 745 4442 manu
764 4372 903 4444 dextra
921 4379 1172 4444 contractum
1194 4373 1262 4462 ita,
1284 4375 1389 4468 quod
1418 4373 1531 4444 nullo
1560 4373 1679 4443 modo

1599 4559 1680 4566 -ι

341 4673 350 4700 ¹
370 4668 413 4723 Ol.
435 4671 549 4724 Wnnn.
571 4670 609 4723 ad
628 4685 675 4724 an.
699 4670 778 4739 1236,
798 4670 1113 4740 n.v11,aden.1240,
1135 4687 1164 4725 n.
1182 4688 1224 4739 rr,
1238 4679 1267 4728 ct
1280 4673 1451 4728 smmum
1468 4676 1546 4728 ltull.
1570 4677 1676 4728 branc.

235 4763 255 4814 t.
276 4773 297 4814 1.
319 4775 387 4828 pag.
409 4759 470 4812 280.

340 4857 350 4884 ¹
370 4845 470 4904 Codex
489 4849 648 4920 «infigens
663 4867 688 4903 ».

340 4945 351 4974 ³
370 4935 413 4992 Cl.
427 4937 551 4992 Tossm.
569 4939 588 4992 l.
604 4955 629 4992 c.
644 4939 694 4992 tol.
711 4938 761 4992 73υ
780 4943 808 4998 (c
823 4937 1052 5008 christophorus
1067 4939 1273 4994 Urbevctanns
1287 4944 1314 5008 r)
1328 4947 1357 4995 et
1369 4941 1461 5010 Frui,
1475 4943 1493 4996 l.
1507 4959 1532 4996 c.
1545 4957 1614 5012 pag.
1630 4941 1679 4994 135

233 5025 261 5097 (c
275 5025 383 5081 Donna
402 5025 569 5100 Oristclane
588 5028 808 5098 dellospedale
828 5029 857 5082 di
878 5027 908 5084 S.
930 5029 1047 5100 Angelo
1067 5031 1097 5083 di
1117 5029 1264 5084 Postierla
1283 5027 1433 5086 d'Orvieto
1447 5032 1485 5103 s).
