3902 5570
635 403 640 415 '
671 431 728 480 on
758 429 900 482 11111111
930 429 1232 482 nummasius).
1624 411 1673 481 :lll

229 684 274 734 ao
295 663 570 758 religiosmum
593 667 841 755 presentatae
862 663 976 734 nobis
995 661 1153 734 litterae
1178 661 1451 752 continebant,
1472 660 1674 732 Dominus

229 792 384 859 tantam
414 787 503 880 piae
545 787 761 858 memoriae
789 787 905 858 fratri
935 786 1197 858 Benorermto
1225 788 1273 857 de
1302 786 1440 858 ordine
1469 786 1672 858 minorum

228 913 398 984 fratrum
440 911 612 984 contulit
639 912 821 1006 gloriam,
851 913 956 1006 quod
985 911 1238 1006 sepulchrum
1277 911 1365 1004 ejus
1394 915 1453 982 tot
1482 913 1522 981 et
1550 911 1675 982 tantis

229 1038 298 1109 (lat
340 1037 545 1110 miraculis
587 1059 803 1126 coruscare,
834 1044 879 1108 nt
907 1037 1013 1108 inter
1041 1037 1139 1108 alios
1177 1041 1334 1108 sanctos
1371 1037 1458 1130 ejus
1496 1059 1576 1107 non
1616 1037 1674 1106 in-

229 1162 363 1232 vocari
391 1161 579 1256 suffragia
607 1162 658 1232 sit
685 1162 910 1256 indignum.
942 1160 1074 1252 Quare
1102 1161 1216 1232 nobis
1245 1160 1453 1232 humiliter
1481 1161 1697 1254 snpplica-¹

229 1290 337 1374 runt,
370 1291 416 1358 nt
458 1309 576 1380 snper
617 1287 833 1374 miraculis,
868 1308 968 1380 quae
1002 1308 1072 1378 per
1107 1308 1198 1356 oum
1229 1285 1431 1356 Dominus
1473 1291 1673 1378 operatur,

230 1411 460 1482 testimonia
487 1411 610 1504 recipi
639 1412 871 1482 taceremus.
893 1409 1049 1480 Verum
1071 1411 1165 1504 quia
1185 1410 1226 1481 in
1248 1413 1330 1480 tam
1357 1415 1493 1481 sancto
1515 1409 1674 1504 negotio

231 1558 311 1606 non
341 1541 400 1607 est
428 1536 504 1606 nisi
536 1535 766 1606 maturitate
795 1541 835 1606 et
863 1535 1060 1628 gravitate
1099 1534 1260 1628 praevia
1297 1534 1605 1626 procedendum,
1626 1534 1674 1604 de

230 1659 468 1732 discretione
488 1664 620 1731 vostro
634 1660 793 1754 plenam
815 1659 857 1730 in
873 1659 1053 1730 Domino
1068 1658 1255 1730 fiduciam
1276 1657 1505 1730 obtinentes
1521 1657 1567 1752 (f.
1584 1655 1676 1756 392)

230 1785 477 1855 fraternitati
504 1789 659 1856 vestrae
687 1808 757 1878 per
785 1782 1003 1876 apostoliea
1031 1784 1178 1876 scripta
1204 1784 1456 1872 mandamus
1477 1789 1675 1877 quatenus

230 1910 367 1980 accitis
396 1909 508 1980 robis
536 1910 633 1980 viris
662 1909 856 2012 religiosis
885 1906 1099 2002 Deumque
1128 1909 1364 1980 timentibus
1387 1910 1435 1980 de
1457 1910 1605 1980 virtute
1635 1913 1675 1980 et

231 2035 399 2106 veritate
436 2035 655 2128 signorum,
685 2033 869 2125 operibus
907 2031 1094 2104 videlicet
1130 2038 1170 2103 ot
1202 2033 1408 2104 nriraculis
1441 2033 1675 2127 diligentius

232 2159 490 2252 inquirentes
511 2158 778 2252 depositiones
806 2157 970 2228 testium
1001 2161 1250 2252 receptorum
1270 2158 1343 2229 sub
1363 2158 1504 2252 sigillis
1532 2158 1675 2230 vestris

231 2284 396 2355 semotis
429 2285 613 2372 inclusas,
644 2288 689 2354 nt
717 2306 807 2354 cum
847 2305 870 2354 a
910 2283 1025 2354 nobis
1053 2283 1211 2354 fueritis
1240 2283 1432 2377 requisiti,
1462 2284 1512 2354 ad
1541 2285 1672 2355 sedem

230 2431 296 2479 aas
323 2409 580 2502 apostolicam
602 2407 773 2479 fideliter
802 2408 1103 2495 transmittatis
1138 2407 1304 2500 quodsi
1335 2430 1413 2479 non
1445 2431 1583 2479 omnes
1612 2408 1675 2478 bis

230 2533 470 2626 exequendis
499 2533 679 2626 poteritis
707 2533 910 2622 interesse,
940 2533 1019 2603 dno
1057 2537 1234 2604 restrum
1277 2531 1542 2603 nibilominus
1584 2555 1674 2602 oxe-

229 2663 416 2750 quantur.
446 2657 600 2729 Datum
633 2657 821 2745 Vitorbii,
851 2667 912 2730 110
942 2655 1035 2728 Kal.
1065 2655 1221 2750 Aprilis
1258 2657 1514 2750 pontificatus
1547 2657 1673 2728 nostri

231 2805 337 2852 anno
366 2792 420 2854 x⁰.
445 2784 454 2819 ¹

338 2906 420 2978 Nos
449 2929 541 2996 ergo
562 2907 780 2978 Cornetum
803 2907 1065 3000 personaliter
1084 2907 1315 2977 rrecedentos
1335 2906 1385 2976 ob
1405 2928 1564 2976 causam
1594 2905 1673 2977 Dei

229 3031 419 3123 ejusque²
451 3030 657 3122 negotium
687 3035 727 3100 ot
756 3032 1021 3102 reverentiam
1050 3031 1270 3124 delegantis
1299 3053 1394 3101 cura
1427 3029 1597 3102 sollicita
1636 3035 1675 3102 et

230 3153 412 3246 diligenti
456 3153 588 3224 studio
630 3154 866 3225 mandatum
895 3154 998 3226 sodis
1026 3155 1277 3247 apostolicae,
1298 3154 1410 3225 siout
1447 3154 1672 3238 debuimus,

231 3278 390 3374 aflectui
418 3278 642 3349 accuratius
672 3275 931 3375 [studuimus]
961 3278 1201 3370 nrancipare,
1231 3279 1299 3348 ubi
1328 3278 1465 3349 accitis
1493 3278 1590 3350 viris
1619 3301 1675 3348 re-

230 3401 394 3496 ligiosis,
423 3401 616 3473 iratribus
645 3401 712 3474 sol.
741 3401 985 3487 minoribus,
1015 3423 1107 3472 oum
1136 3401 1373 3494 qnilmsdam
1405 3403 1512 3474 idem
1541 3403 1676 3474 extitit

230 3531 497 3616 conversatae,
531 3535 571 3598 et
603 3527 693 3598 aliis
721 3527 902 3620 pluribus
931 3526 1007 3597 lide
1035 3527 1178 3620 dignis,
1199 3527 1248 3596 de
1276 3527 1425 3598 virtuto
1455 3550 1610 3600 morum
1634 3535 1673 3599 et

230 3651 530 3722 conversatione
573 3651 766 3723 laudabili
807 3651 903 3722 dicti
946 3651 1082 3722 fratris
1123 3650 1405 3744 inquisivimus
1443 3652 1674 3744 diligenter·;

230 3775 299 3870 qni
328 3799 352 3848 a
373 3775 393 3812 ³'
415 3776 530 3848 nobis
552 3777 787 3870 juramento
816 3775 1032 3864 constricti,
1053 3783 1135 3847 tam
1158 3775 1333 3847 universi
1362 3799 1483 3870 quarn
1513 3775 1674 3870 singuli,

230 3925 401 3996 quorum
431 3901 597 3972 nomina
625 3899 880 3992 singulariter
908 3899 1076 3970 inferius
1104 3901 1396 3994 exprimatur,
1417 3924 1537 3995 supra
1565 3924 1675 3995 prae-

230 4027 337 4097 dicta
377 4025 601 4098 sanctitatis
633 4025 720 4118 ejus
748 4024 922 4116 insignia
950 4031 991 4095 ot
1018 4024 1266 4117 subjicienda
1296 4020 1447 4122 (12:39²)
1481 4025 1674 4096 miracula

231 4151 500 4245 deposuerunt
528 4149 665 4220 omnia
693 4173 826 4220 coram
856 4150 982 4220 nobis.
1011 4149 1057 4212 »²

337 4429 775 4495 ι01111111111111111.1232,
805 4444 834 4482 n.
867 4443 931 4495 xix,
960 4433 990 4482 et
1018 4425 1202 4496 8111111111,
1232 4427 1405 4483 Baliarium
1426 4427 1673 4490 l'ronciacaamu,

232 4529 252 4578 t.
275 4539 295 4576 1.
317 4538 385 4592 pag.
408 4521 468 4576 189.

338 4621 347 4647 ²
367 4611 467 4667 Codex
487 4609 602 4678 «cuius
615 4627 641 4662 11.

338 4707 348 4734 ²
368 4700 467 4754 Codex
487 4718 502 4750 <r
517 4699 588 4768 quia
601 4717 627 4752 11.

339 4797 347 4822 ¹
369 4791 412 4845 Cl.
434 4793 505 4842 „leto
525 4793 710 4851 b'orrclorom,
733 4788 805 4842 11111.
828 4803 871 4840 111
893 4787 938 4858 (al
955 4786 1036 4857 jun.)
1056 4803 1123 4856 pag.
1146 4786 1273 4854 296-29i,
1294 4801 1353 4856 quo
1373 4787 1436 4840 loeo
1456 4787 1541 4856 plura
1568 4787 1600 4840 B.
1621 4786 1676 4841 Be-

232 4883 375 4937 nevenutl
396 4881 539 4935 miracula
559 4895 625 4932 «ex
644 4878 762 4932 schedis
792 4875 873 4931 MSS.
906 4877 1040 4930 Asrrrmr
1066 4875 1290 4930 Canaromm»
1311 4877 1389 4930 edita
1410 4877 1564 4929 habentur.
1586 4876 1675 4945 Apud

232 4971 375 5026 Pisaxr'u
397 4971 416 5024 l.
437 4987 462 5024 e.
484 4969 540 5034 (ed.
564 4971 590 5020 l*
609 4967 658 5022 lol.
681 4976 820 5036 amno),
841 4966 965 5020 Tussis.
987 4967 1036 5019 tol.
1058 4967 1162 5019 1111111
1182 4965 1296 5018 ll'snn.
1317 4965 1354 5017 ad
1373 4980 1421 5018 an.
1444 4965 1521 5032 1212,
1544 4981 1572 5018 n.
1597 4981 1673 5020 111111

234 5077 328 5130 perrea
346 5067 485 5128 excerpta
504 5059 710 5113 inveniuntur.
