3880 5568
488 371 543 422 on
577 357 745 422 rinilrnn
775 367 1109 422 GUllillrlnw-lin
1138 366 1380 421 <sonnonem
1612 346 1661 415 no

324 595 385 700 (2)
415 601 519 673 Item
550 601 719 673 asseruit
747 601 851 673 idern
883 601 1019 686 frater,
1050 601 1154 694 quod
1184 601 1321 670 eadem
1344 599 1406 670 die
1431 598 1593 670 necessit
1612 598 1661 668 ad

216 748 310 798 eum
341 727 402 796 vir
430 727 592 820 quidam
622 745 691 797 sex
720 747 917 796 annorum
947 725 1075 820 spatio
1105 723 1284 796 humeris
1303 723 1563 815 complicatus
1593 723 1662 810 ita,

215 852 323 946 quod
352 857 483 923 rectus
511 851 695 922 incedere
723 849 926 921 ullatenus
954 871 1034 920 non
1073 848 1249 936 valebat3
1293 847 1357 918 cui
1400 871 1489 918 cum
1533 847 1664 918 dictus

215 977 342 1047 frater
370 977 529 1070 signum
560 976 689 1048 crucis
718 974 984 1069 imposuisset,
1015 979 1060 1044 ut
1089 973 1256 1067 rogavit,
1286 995 1418 1044 coram
1463 971 1663 1060 omnibus,

216 1102 286 1194 qui
328 1102 509 1190 aderaut,
552 1105 612 1172 est
652 1091 819 1189 erectus,
848 1094 1027 1198 (f.125‘’)
1055 1101 1095 1169 et
1124 1098 1222 1169 dans
1255 1097 1424 1192 gloriam
1454 1096 1661 1168 Deorum

217 1225 365 1320 gaudio
394 1224 591 1297 remeavit
610 1225 653 1296 in
673 1246 779 1296 sua·
853 1261 855 1268 .

326 1349 450 1436 Hocc,
473 1372 570 1443 pune
588 1355 811 1442 requiratur,
828 1355 917 1419 ssnnt
932 1349 1120 1442 qmrocluur
1143 1348 1300 1418 cisioucs
1319 1370 1384 1418 sert
1400 1345 1666 1438 opiparitioues

208 1471 349 1568 ,siletur
378 1475 536 1544 discr-sis
555 1471 755 1568 ⁸frntrilnnr
787 1472 908 1544 Donni
937 1472 1134 1544 ornatibus
1153 1479 1188 1543 et
1209 1469 1581 1563 conterrcpiontidus.¹

632 1720 702 1794 Du
731 1719 996 1795 Vrsroxruus
1025 1719 1259 1790 Furrncu.

326 1967 508 2040 Auditor.
538 1967 671 2039 Mults
701 1968 798 2040 satis
826 1973 866 2039 et
895 1968 1080 2040 miranda
1108 1967 1225 2039 valde
1268 1966 1482 2038 carismata
1523 1965 1699 2060 gratia,
1786 1983 1791 1994 ·

221 2116 310 2164 rurn
340 2116 410 2188 per
438 2093 609 2164 fratrum
639 2092 829 2187 suffragia
856 2093 1011 2164 devotis
1040 2093 1231 2182 exhibita,
1260 2093 1364 2164 siout
1387 2092 1667 2186 spoponderas,

221 2218 433 2304 enarrasti3
463 2219 531 2289 sed
560 2239 651 2288 curn
682 2215 816 2310 plures
845 2217 886 2288 in
916 2217 1055 2289 ordine
1074 2217 1219 2288 fratres
1247 2214 1402 2288 constet
1426 2215 1669 2309 contempla-

221 2343 324 2414 tioni
352 2345 512 2414 sanctae
541 2343 696 2413 deditos
723 2341 914 2430 extitisse,
935 2343 983 2412 de
1002 2341 1150 2414 divinis
1180 2341 1491 2414 revelationibus
1519 2341 1666 2412 eisdem

221 2467 432 2561 patefactis
460 2466 598 2537 audire
626 2467 819 2556 desidero,
849 2467 882 2536 si
911 2488 1013 2560 quae
1041 2467 1159 2538 nosti.

331 2591 540 2665 Norrolor.
571 2590 686 2662 Licet
714 2590 844 2662 multa
873 2593 921 2663 de
950 2591 1163 2684 ejusmodi,
1192 2613 1294 2685 quae
1336 2590 1518 2685 requiris,
1561 2589 1671 2661 audi-

222 2716 363 2804 verim,
393 2715 524 2786 ethis
553 2715 669 2808 plura
697 2738 778 2787 nou
816 2717 1020 2810 arnbigam
1063 2739 1127 2788 ine
1169 2716 1305 2806 latere,
1335 2737 1436 2809 quae
1478 2715 1671 2786 fratribus

223 2841 370 2912 nostris
399 2841 752 2934 contemplationis
781 2841 914 2912 studio
943 2840 1187 2933 pollentibus
1216 2841 1373 2933 saepius
1401 2841 1669 2934 contigerunt,

221 2965 318 3058 quia
346 2971 481 3036 tamen
512 2965 749 3058 plerumque
777 2988 924 3057 magna
953 2965 1053 3037 solet
1082 2965 1125 3036 in
1153 2965 1302 3036 talibus
1329 2965 1550 3036 luditicatio
1582 2965 1672 3035 dae·

201 3112 391 3162 ·rnonunr
420 3089 609 3178 exerceri,
638 3089 931 3183 praetermissis
959 3089 1099 3160 multis
1118 3093 1159 3160 et
1177 3089 1299 3160 variis
1329 3111 1454 3182 pauca
1474 3089 1668 3183 quaedem

223 3215 333 3304 haec,
362 3236 464 3307 quae
493 3213 717 3284 certissima
744 3214 917 3284 fratrum
947 3212 1050 3283 mihi
1078 3213 1308 3284 narratione
1336 3214 1672 3307 consperta,1·efe-

222 3361 323 3428 ram,
353 3342 399 3410 ut
427 3338 578 3432 petisti.

329 3463 383 3533 In
412 3467 541 3534 castro
583 3485 771 3556 namque,
801 3462 908 3556 quod
935 3461 1175 3556 Permultum
1204 3463 1363 3552 dicitur,
1393 3485 1485 3534 cum
1528 3463 1673 3534 fratres

224 3597 349 3668 nostri
393 3596 545 3667 ordinis
573 3567 1065 3686 ecclesiam'fabricarent,
1095 3596 1266 3690 contigit
1293 3597 1391 3669 duos
1424 3619 1445 3668 e
1480 3597 1673 3670 fratribus

224 3727 307 3791 tarn
337 3721 446 3812 operi
476 3743 596 3814 quarn
626 3721 904 3793 laborantibus
923 3721 1152 3794 assistentes
1173 3721 1326 3793 visione
1345 3722 1484 3794 divina
1506 3722 1673 3794 coelitus

223 3843 431 3916 illustrari.
461 3843 567 3916 Nam
597 3867 688 3916 cum
709 3840 1216 3945 nocte(f.126'')quadam
1239 3867 1279 3918 se
1299 3847 1430 3940 sopori
1459 3847 1673 3938 dedissent,

222 3967 526 4061 expergefactus
554 3969 656 4039 alter
685 3991 822 4040 eorum
854 3968 1093 4041 acclamarit
1120 3969 1304 4059 alterum,
1335 3974 1380 4041 ut
1403 3975 1673 4064 consurgeret,

224 4096 264 4162 et
283 4096 329 4162 ut
349 4091 468 4162 horas
487 4113 579 4163 suas
598 4092 760 4183 diceret,
780 4093 983 4165 invitarit.
1001 4091 1177 4188 Surgens
1192 4098 1325 4166 autern
1356 4095 1481 4166 irater
1496 4117 1520 4165 a
1534 4115 1674 4166 somno

144 4226 157 4238 '
224 4221 264 4286 et
293 4215 490 4308 incipiens
518 4237 609 4287 suas
639 4217 757 4288 horas
785 4217 941 4289 audivit
969 4219 1183 4313 strepitum
1213 4220 1326 4313 quasi
1351 4219 1531 4314 lapidum
1552 4219 1676 4313 crepi-

225 4340 401 4412 tantium
417 4345 673 4412 resonantem
704 4343 981 4436 quaesivitque
1001 4365 1025 4414 a
1042 4344 1167 4414 fratre
1187 4343 1325 4434 altero,
1346 4345 1443 4438 quid
1463 4345 1537 4416 hoc
1557 4347 1676 4433 esset;

225 4464 295 4557 qui
325 4465 551 4557 respondit:
588 4491 605 4534 c
636 4463 790 4537 Eamus
818 4472 858 4538 et
887 4467 1095 4539 videamus
1114 4469 1249 4558 simul,
1270 4469 1463 4564 quidnam
1483 4469 1548 4560 sit,
1569 4470 1677 4564 quod

223 4586 385 4660 audisti.
410 4615 427 4654 »
461 4587 669 4662 Exeuntes
698 4589 824 4684 igitur
843 4592 962 4662 ambo
982 4592 1133 4686 pariter
1152 4593 1342 4664 viderunt
1369 4593 1676 4666 multitudinem

226 4711 437 4782 hominurn
469 4715 670 4806 copiosam
700 4714 852 4808 lapides
881 4715 1061 4788 humeris
1081 4717 1340 4804 deferentem,
1361 4720 1430 4812 qui
1451 4740 1590 4790 ornnes
1613 4742 1677 4791 re-

333 5013 430 5068 ¹Alia
449 5031 555 5070 manus
576 5017 608 5070 in
628 5019 762 5088 margine
780 5019 932 5087 superiore
952 5019 1025 5073 hacc
1044 5020 1135 5074 verba
1158 5019 1281 5075 addidit.
