3880 5568
302 363 351 434 Sd
649 341 652 348 ’
785 382 840 432 nn
864 381 1034 434 ric-mnu
1061 381 1266 434 ratumne.

407 604 469 708 (6)
484 609 628 681 Puella
648 611 842 704 quaedam
864 609 1095 699 Tridentino,
1119 610 1254 682 Μανία,
1274 610 1450 700 nomine,
1471 611 1676 682 mensibus
1695 631 1742 682 x1

300 735 357 822 in,
371 735 532 807 sinistro
561 735 675 806 oculo
704 735 838 806 fistula
870 739 1131 829 praegravata
1152 736 1395 808 incessanter
1413 737 1463 806 ab
1483 736 1569 830 ipso
1589 735 1742 807 saniem

300 861 521 950 errrittebat.
550 859 686 932 Ducta
714 861 838 956 igitur
857 885 880 932 a
899 861 1131 954 parentibus
1160 861 1208 932 ad
1230 861 1483 954 sepulchrum
1510 862 1647 934 fratris
1667 861 1743 932 Ro-

300 987 398 1080 gerii
421 991 540 1080 patre
568 1009 613 1058 ae
641 990 770 1058 matre
799 987 1074 1081 praesentibus
1103 987 1320 1080 multisque
1348 987 1447 1058 aliis·
1467 1009 1537 1082 pcr
1561 987 1741 1081 ejusdem

300 1112 446 1182 merita
473 1111 623 1204 optime
651 1112 817 1184 liberata
847 1112 1020 1184 recessit.
1599 1103 1605 1114 ’

410 1237 453 1330 (f.
475 1235 586 1330 lost)
617 1237 676 1308 Dc
703 1239 831 1308 otardo.
869 1233 931 1336 (7)
966 1237 1083 1308 Polus
1121 1237 1274 1329 (lcorpii
1310 1237 1525 1307 Ihrrrcotclli
1555 1232 1609 1336 (l)
1651 1259 1741 1308 omn

301 1383 499 1433 annorum
520 1362 698 1455 quinque
718 1363 846 1455 spatio
867 1363 1010 1432 surdus
1030 1367 1070 1432 et
1089 1360 1193 1432 nihil
1219 1362 1386 1432 omnine
1415 1361 1582 1432 audiens
1609 1363 1745 1454 persti-

301 1485 424 1572 tisset,
455 1485 505 1555 ad
534 1483 789 1578 sepulchrum
819 1483 916 1555 dieti
945 1485 1081 1555 fratris
1109 1484 1298 1554 accedens
1339 1484 1382 1553 in
1412 1484 1636 1555 continenti
1674 1485 1741 1556 diu

301 1605 500 1700 perditum
531 1607 781 1699 recuperavit
809 1607 1005 1678 auditum.
1385 1609 1392 1621 “

408 1727 468 1798 Ile
486 1728 717 1820 pmuliticis.
738 1723 800 1828 (8)
814 1727 1017 1800 Martinus
1037 1729 1085 1800 de
1105 1727 1351 1822 Pratolongo
1376 1729 1539 1822 juratus
1563 1729 1742 1813 assernit,
1826 1799 1832 1808 ,
1926 1707 1927 1798 J

216 1909 218 1913 .
301 1853 419 1946 qnod,
449 1875 540 1923 cum
571 1852 770 1924 Martinus
798 1852 886 1946 ejus
914 1851 1022 1924 filius
1050 1853 1283 1946 paraliticus
1311 1853 1517 1942 extitisset,
1542 1853 1741 1947 loquelam

299 1975 474 2070 perdidit
492 1981 612 2070 atque
631 1981 671 2048 et
690 1977 819 2048 dextri
840 1976 994 2048 brachii
1016 1999 1089 2048 usu
1108 1977 1287 2048 totaliter
1311 1981 1371 2048 est
1401 1977 1590 2071 privatus.
1612 1977 1739 2069 Quem

301 2125 392 2174 (rum
422 2103 537 2174 fratri
568 2101 740 2197 Rogerio
769 2103 1003 2191 devovisset,
1034 2125 1103 2196 per
1132 2103 1256 2196 ipsius
1284 2103 1428 2174 merita
1461 2104 1591 2176 dictus
1620 2126 1743 2174 mem-

301 2229 464 2300 brorum
494 2228 849 2300 consolidationem
879 2228 1055 2300 obtinuit
1083 2233 1123 2300 et
1152 2229 1366 2322 loquelam.

407 2333 631 2448 (tljFrater
655 2351 864 2422 t'oraccrras
884 2351 1092 2422 mulierem
1115 2353 1330 2444 quamdam
1354 2353 1555 2423 sevidisse
1575 2357 1744 2425 testatus

303 2479 374 2562 cst,
404 2495 505 2567 quae
535 2473 696 2566 paralisi
726 2473 920 2544 dissoluta
948 2477 1127 2566 tempore
1156 2473 1290 2546 obitus
1318 2474 1414 2549 dicti
1445 2475 1581 2546 fratris
1609 2477 1659 2547 ad
1687 2497 1742 2546 se-

300 2595 514 2691 pulchrum
534 2595 633 2689 'ejus
661 2595 826 2668 veniens
854 2617 946 2666 eum
977 2595 1120 2668 etl'ectu
1151 2596 1281 2668 multo
1310 2601 1350 2694 et
1378 2597 1555 2669 lacrimis
1592 2598 1742 2668 miseri·

301 2719 477 2792 cordiam
508 2719 747 2812 postulabat.
778 2719 861 2792 Ubi
890 2741 981 2792 cum
1002 2720 1044 2790 in
1065 2721 1245 2792 oratione
1275 2725 1453 2813 tompore
1482 2721 1639 2792 modico
1659 2743 1744 2815 per-

302 2843 525 2930 mansisset,
555 2847 761 2938 praesente
790 2844 875 2938 ipso
904 2847 944 2914 et
972 2844 1168 2937 religiosis
1196 2845 1350 2914 aliisae
1370 2845 1640 2916 saecularibus
1674 2868 1744 2940 per

301 2967 542 3039 sanctissimi
570 2967 706 3040 fratris
733 2969 879 3039 merita
906 2967 1067 3040 recessit
1097 2967 1247 3060 optime
1276 2967 1456 3039 liberata.

407 3087 495 3192 (10)
516 3091 676 3164 dissectio
705 3091 851 3164 mulier
878 3115 902 3162 a
921 3091 1132 3164 cunabulis
1151 3092 1294 3162 clauda
1328 3113 1567 3184 permanens
1595 3096 1635 3164 et
1654 3116 1742 3164 con-

231 3198 235 3206 ’
300 3221 427 3288 tracta
446 3216 514 3300 ita,
531 3217 636 3310 quod
652 3216 811 3287 retortis
826 3216 993 3310 pedihus
1012 3216 1277 3310 manibusque
1298 3215 1494 3288 corrclusis
1514 3239 1558 3288 os
1574 3218 1745 3310 turpiter

301 3341 536 3433 obliquaret,
557 3341 621 3412 die
641 3340 833 3440 transitus
854 3341 897 3432 (i.
919 3337 1032 3440 105²)
1051 3341 1187 3412 fratris
1217 3339 1379 3433 Rogerii
1410 3341 1458 3411 ad
1488 3340 1740 3434 sepulchrum

301 3466 388 3557 ans
412 3465 510 3535 hora
529 3465 693 3535 veniens
717 3465 939 3557 vespertina
958 3465 1138 3558 sequenti
1160 3468 1276 3536 nocte
1302 3465 1441 3536 multis
1470 3465 1744 3558 praesentibus

301 3588 452 3682 optime
482 3589 668 3660 restituta
696 3594 766 3659 est.

367 3767 370 3777 ,
408 3708 497 3813 (11)
516 3713 659 3784 Frater
679 3711 823 3806 Spnroo
840 3713 888 3784 de
909 3712 946 3784 N
949 3713 1062 3784 arnio
1082 3717 1322 3806 protestatus
1350 3714 1518 3786 asseruit
1538 3715 1743 3786 sevidisse

296 3837 489 3930 juvenem
522 3838 738 3931 quemdam
768 3859 791 3907 a
821 3837 959 3909 matris
988 3841 1101 3908 utero
1125 3838 1431 3924 claudicantem,
1453 3839 1521 3932 qni
1541 3839 1591 3910 ad
1611 3844 1742 3911 tumn-

301 3961 386 4032 lum
415 3959 510 4031 dicti
541 3951 677 4032 fratris
706 3963 895 4032 accedens
924 3961 981 4032 ita
1009 3961 1214 4033 convaluit
1241 3961 1282 4032 in
1314 3969 1531 4043 momento,
1552 3964 1658 4056 quod
1686 3964 1743 4034 ri-

301 4085 488 4159 dentibus
530 4087 658 4158 trihus
686 4086 878 4157 iratribus
906 4107 951 4156 ac
993 4085 1261 4156 saecularibus
1289 4087 1391 4175 aliis,
1421 4088 1489 4180 qni
1518 4089 1742 4177 adstabant,

301 4211 407 4282 idem
430 4211 596 4304 jm'enis
624 4210 799 4281 exsiliret
826 4210 994 4282 laudans
1024 4209 1244 4282 Dominum
1268 4215 1308 4281 et
1327 4211 1564 4282 benedicens
1581 4234 1740 4284 servum

301 4319 399 4428 ejus,
429 4337 545 4429 cujus
573 4335 727 4406 meritis
756 4336 1007 4428 concupitam
1037 4335 1217 4406 obtinere
1255 4335 1476 4428 promeruit
1513 4337 1742 4408 sanitatem.

409 4467 469 4540 De
498 4468 713 4539 conductis.
747 4461 835 4566 (12)
864 4468 1015 4554 Diolto,
1039 4491 1138 4538 uxor
1166 4467 1406 4561 Bonapressi
1427 4467 1578 4562 Repeti
1598 4470 1646 4542 de
1666 4468 1743 4540 Tu·

302 4595 426 4681 derto,
447 4616 538 4664 eum
568 4613 694 4662 annos
722 4591 916 4684 plurimos
936 4592 1334 4684 existerctinclinata
1354 4597 1393 4664 et
1412 4615 1435 4663 a
1455 4593 1616 4687 cingulo
1637 4593 1742 4664 infra

199 4801 200 4806 Ἰ
302 4718 492 4789 membris
521 4717 708 4788 omnibus
737 4716 939 4806 destituta,
968 4717 1255 4790 deducentibus
1283 4718 1383 4788 caris
1413 4717 1501 4811 ojus
1538 4719 1588 4789 ad
1617 4717 1747 4812 sepul-

302 4843 441 4912 chrum
464 4841 561 4913 dicti
590 4841 726 4911 fratris
756 4863 824 4933 per·
853 4841 1028 4934 ejusdcm
1061 4842 1205 4913 merita
1233 4842 1477 4913 desideratae
1497 4843 1637 4914 salutis
1657 4865 1746 4938 gra·

270 4943 271 4946 ¹
303 4967 399 5037 tiam
431 4967 609 5038 totaliter
638 4969 697 5035 est
729 4967 884 5058 adepta.
