3902 5570
686 1495 692 1510 .
720 1403 1161 1508 ἸΝἸἮΟΒΠΟΤΙΟ

330 2253 522 2328 Summus
564 2255 746 2350 pontifex
786 2255 870 2329 Leo
898 2256 1026 2348 XIII,
1055 2259 1177 2352 cujus
1198 2258 1344 2330 merita
1377 2258 1595 2352 singularia
1622 2259 1663 2330 iu

221 2389 405 2484 augenda
431 2389 674 2461 bibliotheca
702 2389 905 2466 Vaticana
933 2390 1122 2488 historiae
1151 2391 1317 2464 studiosi
1355 2392 1479 2486 gratis
1521 2393 1667 2464 animis

221 2522 436 2612 celebrant,
480 2523 554 2594 hac
595 2526 746 2596 aestate
788 2523 829 2594 in
872 2523 983 2596 illam
1027 2525 1292 2618 deportandos
1329 2525 1485 2597 curarit
1512 2525 1666 2597 codices

221 2655 350 2740 dinaei
377 2655 540 2748 Beroia,
570 2655 640 2750 qui
669 2656 874 2750 hucusque
916 2657 959 2728 in
988 2658 1152 2730 aedibus
1182 2655 1221 2730 S.
1253 2657 1584 2753 congregationis
1617 2661 1665 2731 de

222 2785 490 2882 Propaganda
508 2788 608 2860 Fide
628 2790 947 2860 asservabantur.
969 2789 1058 2881 Qua
1086 2791 1361 2880 occasionem
1386 2791 1516 2863 lucem
1547 2792 1665 2863 rediit

220 2920 343 2992 codex
372 2943 396 2992 a
424 2921 554 2992 multo
582 2925 761 3016 tempore
790 2923 907 2994 enixe
935 2922 1193 2996 desideratus.

328 3053 388 3126 ol.
419 3053 467 3124 P.
497 3053 634 3144 Ehrle,
673 3055 940 3128 bibliothecae
982 3055 1206 3130 Vaticanae
1248 3057 1472 3150 praefectus
1514 3057 1664 3150 optime

219 3187 399 3274 meritus,
420 3187 536 3259 uobis
555 3189 731 3260 codicem
754 3186 830 3260 347
852 3189 961 3262 illius
980 3191 1108 3261 musei
1128 3190 1440 3261 examinandum
1458 3164 1665 3268 ¹coluuion-

218 3317 342 3408 davit‚
373 3341 490 3412 quem
521 3341 614 3391 mox
649 3347 667 3388 ‹
697 3321 907 3414 Dioloqmu
925 3319 1076 3416 ⁴fratria
1109 3319 1357 3396 Orcacaaih'»
1391 3321 1509 3394 toties
1537 3323 1663 3392 nomi-

218 3455 360 3522 natum
376 3456 416 3524 et
430 3453 586 3524 tamdiu
602 3453 827 3546 quaesitum
843 3475 926 3526 esse
941 3455 1258 3548 recognovimus,
1270 3454 1352 3526 imo
1362 3453 1463 3525 illud
1479 3455 1663 3548 idemque

219 3585 435 3678 exemplar,
464 3588 570 3680 quod
599 3609 706 3658 anno
736 3585 839 3658 1381
870 3587 912 3658 in
942 3587 1185 3659 bibliotheca
1211 3588 1316 3658 circui
1335 3594 1535 3658 collocutus
1555 3586 1665 3659 Asai-

216 3719 352 3790 aicuris
371 3720 559 3790 extiterat
578 3720 763 3813 quodque
779 3721 1052 3792 inventarium
1073 3721 1340 3793 bibliothecae
1359 3719 1430 3792 illo
1454 3743 1560 3792 anno
1575 3744 1664 3793 cou-

216 3850 367 3922 fectum
399 3851 506 3922 hisce
531 3851 662 3922 verbis
691 3848 919 3946 descripsit:
955 3851 1205 3948 «Dyalogus
1233 3857 1462 3926 sauctorum
1491 3854 1660 3925 fratrum

216 3983 420 4054 minorum
449 4006 539 4054 cum
561 3984 752 4077 postibus,
782 3985 897 4079 cujus
915 3985 1157 4080 principium
1180 3990 1258 4058 cst:
1280 3987 1525 4058 venerabilia
1543 3987 1662 4080 'gesta

216 4119 376 4210 patrum
397 4117 617 4210 dignosque
637 4117 853 4206 memoria;
880 4116 972 4189 hals
1000 4141 1115 4190 vero:
1146 4141 1225 4190 non
1255 4119 1420 4213 indigue
1449 4120 1574 4190 feram
1598 4143 1662 4190 mo

216 4271 509 4344 quemcumque
537 4250 729 4344 reperisse
758 4255 994 4322 consortem.
1025 4250 1075 4322 Iu
1098 4275 1176 4345 quo
1197 4251 1299 4322 libro
1319 4273 1457 4324 ornnes
1477 4253 1660 4345 quaterni

216 4385 311 4454 sunt
339 4401 436 4454 xm.
468 4409 486 4450 »
514 4383 523 4419 ¹

322 4649 554 4704 ²Inventarium
574 4649 651 4704 illud
670 4649 797 4704 habetur
825 4651 856 4702 in
885 4649 988 4704 codice
1006 4651 1058 4703 691
1079 4651 1176 4705 dictae
1204 4651 1419 4718 bibliothecae3
1449 4651 1586 4721 dialogus
1614 4653 1662 4706 dc-

215 4739 344 4807 scriptus
363 4743 408 4793 est
427 4738 476 4792 lcl.
498 4739 559 4805 lou
580 4741 617 4792 cl.
631 4737 753 4806 Eurus,
782 4737 890 4792 Archiv
917 4737 971 4805 sur
1001 4739 1161 4792 [litterator
1180 4765 1190 4778 -
1209 4739 1274 4793 aad
1302 4739 1585 4808 h'irchcuyeachichie
1612 4741 1662 4794 des

216 4827 410 4892 Mittelaltera,
432 4831 452 4881 t.
474 4843 496 4896 1,
517 4844 566 4898 pg.
587 4827 649 4896 lia,
670 4827 725 4882 Die
742 4827 933 4882 lubriscum
951 4827 1187 4895 Haudschrifleu
1205 4829 1255 4882 des
1274 4829 1403 4882 h'loslera
1422 4828 1484 4882 Sua
1503 4829 1662 4883 Fruacesco

215 4915 248 4968 in
260 4914 363 4969 Assisi.
384 4945 419 4953 -
438 4913 520 4969 Libri
540 4916 621 4970 illius
633 4915 831 4970 bibliothecae
843 4915 931 4970 iacile
943 4915 1161 4984 dignoscuntur
1173 4930 1211 4969 cx
1231 4917 1344 4986 regula,
1356 4931 1446 4985 quam
1461 4917 1660 4971 inventarium

213 5003 291 5058 illud
310 5003 342 5056 in
361 5004 445 5058 initio
464 5005 679 5059 observandam
698 5005 755 5059 sibi
775 5005 948 5074 proposuit:
969 5021 984 5054 «
999 5004 1085 5073 Nota,
1100 5005 1180 5074 quod
1200 5005 1271 5058 iolla
1288 5005 1419 5058 omnium
1442 5005 1594 5072 librorum,
1608 5006 1661 5074 qui

214 5097 285 5147 sunt
303 5093 335 5146 iu
352 5093 409 5157 isto
427 5093 603 5160 inventaria,
618 5093 682 5148 sire
705 5109 758 5162 per
784 5099 938 5148 sexternos
965 5093 1029 5148 sius
1057 5109 1109 5162 per
1136 5095 1310 5162 quintcrncs
1341 5098 1394 5148 aut
1421 5099 1580 5164 quaternos
1608 5109 1662 5148 seu
