3880 5568
276 315 326 385 50
719 336 774 386 nn
804 336 946 388 nirano
980 337 1281 390 nrmnvrmure.

273 573 378 666 quod
407 572 604 666 portabat.
635 571 699 642 Ex
727 573 842 664 cujus
871 576 980 643 tactu
1009 573 1065 644 sic
1094 573 1264 644 tentatie
1293 574 1521 666 supradicta
1558 577 1718 649 recessit

273 720 297 766 a
326 695 459 784 fratre,
490 696 595 789 qued
624 695 762 766 divina
787 696 918 788 gratia
945 701 1179 790 protegente
1208 718 1430 790 numquam
1461 700 1716 790 postmodum

274 821 397 892 sensit
426 843 526 892 cam.

381 947 425 1040 (f.
457 947 540 1040 (W)
563 942 646 1038 (aa)
677 942 844 1015 Sutria-rra
868 945 915 1015 de
936 944 1129 1016 Adimola
1151 946 1314 1038 juratus
1341 946 1455 1035 dixit,
1476 948 1594 1041 quod,
1624 972 1714 1019 eum

273 1095 459 1166 eampum
481 1091 605 1142 unmn
628 1069 792 1139 baberet
811 1068 959 1138 cimino
980 1068 1185 1160 refertum,
1201 1073 1380 1162 tempore
1395 1070 1641 1142 collectionis
1657 1073 1717 1143 in-

273 1203 402 1270 stante
422 1220 445 1266 a
464 1194 626 1266 bruelris
646 1193 782 1262 onmia
801 1192 1101 1263 corrodentibus
1121 1197 1181 1264 est
1200 1193 1381 1282 invasae,
1403 1195 1618 1288 quodcum
1640 1197 1714 1267 sibi

273 1321 504 1399 mmtiatum
527 1319 642 1406 foret,
664 1316 840 1386 cucurrit
859 1317 906 1386 ad
928 1337 1068 1410 agrum
1090 1339 1181 1388 oum
1203 1341 1336 1388 uxore.
1358 1317 1556 1391 Videntes
1580 1323 1713 1390 autem

272 1471 296 1517 a
324 1444 486 1516 brachis
527 1440 810 1512 universaliter
852 1445 1090 1533 occupatum
1122 1439 1210 1510 Deo
1245 1447 1285 1510 et
1311 1441 1427 1511 fratri
1455 1439 1716 1513 Benevenuto

272 1570 390 1642 arnbo
418 1567 567 1662 pariter
586 1566 847 1650 devoverunt,
869 1565 986 1657 qnod,
1008 1564 1040 1634 si
1060 1563 1172 1635 Deus
1194 1563 1317 1656 ipsius
1346 1563 1499 1636 meritis
1519 1565 1713 1660 ciminum

271 1720 294 1766 a
322 1699 431 1788 peste
460 1690 602 1762 bruolri
640 1687 951 1760 misericorditer
987 1688 1224 1776 defensaret,
1254 1709 1484 1758 mensuram
1516 1711 1635 1758 unam
1667 1690 1715 1760 de

270 1819 419 1892 cimino
461 1817 511 1888 ad
553 1814 773 1900 eeclesiam,
817 1811 892 1906 [in]
931 1835 1010 1906 qua
1047 1813 1270 1906 requiescit,
1314 1813 1512 1884 afferrent.
1556 1813 1715 1885 Emisso

270 1945 405 2036 itaque
426 1944 517 2010 voto
538 1937 679 2008 bruchi
700 1937 891 2008 continuo
907 1940 1165 2027 recesserunt,
1186 1959 1231 2006 ac
1250 1937 1431 2030 sequenti
1448 1938 1511 2008 die
1527 1959 1712 2031 eanrpmn

269 2067 515 2138 demetentes
552 2061 825 2155 supradictum
868 2063 1022 2154 partem
1077 2083 1211 2148 unam,
1260 2082 1361 2154 quae
1408 2060 1547 2132 viridis
1593 2083 1715 2154 appa-

217 2205 219 2210 ’
269 2191 394 2278 rebat,
438 2187 554 2260 fratri
582 2185 845 2257 Benevenuto
888 2184 1128 2256 fiducialiter
1169 2185 1483 2272 commendarim
1514 2187 1711 2280 adquam

270 2337 361 2387 cum
391 2314 455 2384 die
483 2312 602 2384 tertio
631 2311 835 2381 decederet
855 2307 1135 2403 colligendam,
1157 2310 1349 2381 intactam
1380 2331 1539 2402 prorsus
1567 2311 1714 2404 reperit

244 2461 248 2468 ·
269 2444 309 2511 et
338 2439 530 2526 illaesam,
552 2435 645 2506 lieet
658 2435 838 2506 ‚virentia
857 2456 1038 2528 quaeque
1058 2435 1362 2506 circumstantie
1381 2457 1538 2506 corrosa
1561 2436 1714 2507 fuerint

185 2615 186 2618 ,
270 2564 430 2658 penitus
458 2567 498 2633 et
526 2563 774 2653 consumpta.

375 2682 464 2786 (41)
486 2683 820 2778 Arclripresbyter
849 2682 1081 2774 ,l’crqqrimre
1110 2683 1158 2754 de
1184 2681 1357 2754 Corneto
1376 2706 1500 2755 rnanu
1525 2690 1636 2755 sexta
1655 2707 1713 2756 sa·

268 2813 472 2885 cardetum
490 2809 707 2906 cornitante
726 2807 895 2900 jurarit,
912 2807 1016 2900 quod
1039 2829 1108 2899 per
1127 2807 1319 2898 triduum,
1336 2831 1414 2902 quo
1430 2809 1565 2879 fratris
1585 2806 1713 2879 Bene-

269 2936 407 3008 venuti
436 2956 577 3028 cerpus
606 2934 655 3004 ob
684 2931 938 3004 devotionem
969 2931 1105 3024 populi
1140 2932 1385 3026 insepultum
1416 2933 1550 3006 extitit
1579 2931 1621 3004 in
1651 2955 1713 3004 eo-

267 3061 386 3132 elesia
415 3059 540 3130 saneti
572 3056 696 3144 Petri,
727 3057 843 3128 certis
873 3056 981 3127 horis
1010 3057 1212 3144 accedens,
1251 3057 1348 3128 dum
1377 3058 1502 3152 ipsius
1531 3059 1712 3129 membra

267 3189 469 3272 tractaret,
498 3183 582 3253 risa
613 3187 707 3253 sunt
735 3181 771 3251 ei
801 3181 936 3252 omnia
964 3175 1009 3280 (f.
1024 3176 1110 3280 atr)
1139 3203 1218 3252 nen
1259 3205 1343 3253 esse
1383 3183 1530 3254 mortui
1559 3183 1627 3254 sed
1658 3183 1712 3252 vi-

267 3310 409 3380 ventis.
439 3306 543 3378 Nam
574 3315 614 3377 et
643 3299 766 3376 senae
785 3327 979 3376 manuum
1011 3306 1153 3399 plenae
1174 3307 1368 3398 sanguine
1397 3309 1650 3398 videbantur,
1672 3313 1748 3397 et·

267 3433 440 3526 ungulae
456 3431 700 3502 rubicundae
720 3429 914 3523 digitique
935 3429 1143 3500 tornatiles
1164 3431 1420 3524 apparebant.
1442 3429 1560 3502 Dixit
1588 3431 1709 3503 etiam

267 3555 448 3628 membra
476 3553 613 3625 omnia
641 3552 738 3623 dicti
767 3552 903 3623 fratris
923 3553 1065 3646 rigida,
1094 3554 1160 3624 sed
1191 3553 1299 3624 lenia
1318 3555 1496 3626 extitisse
1525 3556 1708 3628 sudorem

266 3679 416 3774 pariter
444 3676 672 3749 emittentia
699 3698 789 3746 eum
820 3676 951 3746 odore.

371 3797 460 3902 (42)
478 3801 621 3872 Frater
631 3800 815 3873 Nimirum
830 3799 877 3870 de
894 3799 1086 3889 Treiecto,
1103 3801 1346 3895 guardianus
1364 3803 1536 3874 fratrum
1557 3804 1599 3874 in
1617 3803 1711 3876 (lor-

264 3933 371 4016 neto,
386 3927 548 4022 juratus
567 3924 747 4013 asseruit,
763 3923 881 4016 quod,
903 3946 992 3994 cnm
1015 3924 1097 4018 ipse
1116 3947 1162 3996 ac
1180 3926 1323 3998 fratres
1343 3927 1412 3998 alii
1431 3925 1710 4004 fratrisssene·

265 4052 405 4124 vermti
420 4073 561 4144 eorpus
577 4049 760 4122 exanime
780 4069 871 4118 curn
893 4069 997 4142 aqua
1012 4049 1140 4121 calida
1160 4051 1405 4142 balnearent,
1422 4053 1603 4124 membra
1622 4053 1710 4148 ejus

264 4185 472 4270 tamquam
501 4173 651 4245 mortui
679 4171 928 4266 rigescebant
956 4173 1025 4264 ita,
1055 4177 1159 4268 quod
1181 4179 1342 4270 propter
1369 4177 1710 4265 inflexibilitatem

203 4363 207 4370 .
265 4302 334 4372 vix
362 4323 453 4371 eum
483 4299 652 4370 fratrum
684 4297 826 4368 habitu
855 4297 1020 4370 induere
1048 4303 1278 4392 potuerunt.
1306 4301 1458 4372 Eodem
1489 4309 1624 4374 tamen
1645 4303 1710 4374 die

264 4428 575 4520 vesperascente,
616 4445 705 4493 eum
744 4422 833 4515 jam
877 4427 979 4494 esset
1018 4425 1067 4495 ad
1096 4424 1223 4497 sancti
1252 4423 1366 4497 Petri
1409 4427 1615 4498 ecelesiam
1646 4429 1710 4498 de-

264 4552 458 4644 portatus,
487 4548 617 4620 dictus
646 4547 770 4617 frater
807 4544 999 4619 Nicolaus
1028 4571 1117 4619 cum
1162 4549 1252 4620 aliis
1279 4550 1471 4623 fratribus
1516 4551 1708 4622 honorem

263 4673 433 4746 mortuis
449 4671 642 4744 'debitum
663 4669 779 4741 fratri
799 4669 1063 4744 Benevenuto
1096 4673 1348 4745 exhibiturus
1368 4676 1557 4747 accedens
1585 4699 1709 4748 urem-

264 4799 336 4870 bra
363 4797 487 4892 ipsius
515 4796 626 4890 prins
654 4774 782 4889 rigida
811 4817 933 4866 manu
964 4801 1218 4870 contractans
1242 4798 1410 4870 ductilia
1438 4799 1597 4894 reperit,
1627 4801 1710 4871 acsi

264 4927 394 4994 essent
413 4923 594 4994 membra
603 4919 767 5014 jovanis
782 4917 955 4991 delicati.
973 4919 1104 5014 Caput
1120 4945 1213 4995 vero
1229 4923 1407 4996 anterius
1422 4930 1462 4997 et
1478 4929 1707 5016 retrorsum,
