3880 5568
652 393 708 444 nn
741 393 987 446 visronmus
1018 394 1239 446 nnnunrn.
1585 377 1663 446 109

280 667 285 676 ·
331 623 511 696 Arrditor.
540 623 641 695 Jnre
675 624 837 718 quidem
876 625 1134 696 veneratione
1174 627 1302 698 multa
1338 627 1454 700 miles
1486 628 1554 699 ille
1583 651 1665 722 rne-
1772 709 1775 716 ¹

222 749 393 831 moriam
424 750 550 820 sancti
581 749 706 842 patris
734 749 912 820 excolere
941 750 1164 839 tenebatur,
1195 751 1258 822 cui
1293 744 1524 845 dignatione
1553 756 1667 824 tanta

220 875 432 968 utriusque
461 873 636 944 bominis
666 874 793 944 visum
826 873 999 944 contulit
1026 875 1075 945 ad
1105 875 1287 946 salutem.

333 997 540 1070 ,l'orrotorn
572 997 675 1069 (lum
714 997 923 1090 psalmista
959 1001 1057 1069 teste
1095 999 1400 1092 cognoverimus
1437 1023 1548 1072 caros
1584 999 1663 1072 Dei

223 1122 532 1193 honoriticentia
569 1121 744 1214 plurima
775 1123 1022 1210 veneratos,¹
1054 1122 1148 1194 licet
1182 1123 1296 1194 nobis
1329 1124 1520 1195 beneficia
1554 1125 1665 1196 nulla

222 1246 471 1340 praeberent,
502 1251 712 1317 notamen
743 1240 840 1338 ipso,
861 1246 967 1338 quod
995 1245 1145 1317 amicos
1168 1244 1247 1318 Dei
1276 1247 1361 1318 foro
1391 1249 1664 1341 cognovimus,

221 1371 468 1442 reverentiae
496 1375 536 1442 et
564 1369 789 1442 devotionis
818 1369 875 1440 cis
908 1369 1139 1462 impendere
1174 1371 1412 1442 cerimonias
1445 1372 1547 1443 ratio
1577 1395 1664 1466 sng-

221 1489 601 1593 gerit,(f.1‡ll'')et
628 1493 847 1564 auctoritas
875 1492 1106 1586 evangelica
1134 1494 1283 1586 pariter
1308 1477 1519 1566 hcc'dicit:
1545 1523 1563 1564 c
1586 1495 1666 1587 Qui

219 1639 289 1689 vrrs
318 1617 470 1710 recipit,
502 1616 646 1710 inquit,
677 1638 741 1688 me
770 1615 922 1708 recipit.
946 1614 992 1680 »²
1025 1615 1132 1706 Quid
1161 1639 1254 1710 ergo
1283 1617 1444 1708 mirum,
1466 1619 1499 1690 si
1518 1641 1543 1689 a
1562 1641 1665 1690 mor-

218 1741 366 1812 talibus
381 1745 421 1812 et
441 1763 577 1812 eormn
600 1740 800 1833 suffragiis
820 1731 1096 1832 indigentibus
1116 1740 1267 1811 honore
1287 1723 1428 1834 dignos
1448 1741 1665 1832 existimas,

219 1887 318 1960 quos
347 1865 459 1937 Deus
487 1865 571 1958 ipse
601 1863 817 1935 mirificatl
845 1863 931 1956 Ipsi
961 1886 1118 1957 quoque
1147 1865 1275 1936 sancti
1304 1865 1569 1966 nihilominus
1589 1868 1664 1938 sibi

220 1991 394 2061 invicem
426 1991 567 2061 munia
604 1989 876 2061 venerationis
914 1989 1174 2080 impendunt3
1204 1990 1311 2082 quod
1339 1997 1384 2061 nt
1412 2013 1552 2062 verum
1582 2015 1666 2064 csse

220 2137 300 2184 non
331 2115 502 2201 dubites,
523 2115 675 2184 factrnn
706 2113 906 2206 quoddam
936 2112 1202 2185 admiratione
1231 2113 1526 2206 dignissinnnn,
1548 2115 1581 2186 si
1602 2139 1667 2208 pa-

218 2238 365 2310 tienter
393 2239 544 2324 audias,
565 2237 773 2324 enarrabo,
799 2259 878 2330 quo
907 2241 1065 2308 sanctos
1098 2237 1149 2307 ad
1177 2238 1364 2326 invicem,
1394 2243 1439 2309 ut
1467 2241 1665 2332 praedixi,

218 2364 372 2434 deferre
401 2363 477 2434 sibi
507 2361 774 2433 reverentiam
806 2361 1096 2454 comprobabis.

325 2485 425 2558 Erat
454 2507 629 2579 namque
650 2485 775 2556 frater
794 2484 958 2578 quidam
980 2485 1028 2554 de
1055 2483 1172 2555 Beati
1192 2485 1384 2578 partibus,
1402 2485 1666 2558 Burmannus

217 2611 393 2696 nominc,
425 2611 485 2680 vir
515 2611 640 2680 mirac
670 2609 927 2704 perfectionis
956 2612 995 2679 ct
1025 2609 1144 2694 vitae,
1165 2610 1247 2702 qui,
1277 2632 1366 2680 cum
1397 2610 1461 2681 die
1490 2613 1663 2704 quodam

211 2735 336 2827 ¹juata
364 2735 568 2805 civitatem
602 2734 814 2805 Reatinam
845 2753 933 2804 curn
966 2733 1071 2805 socio
1107 2738 1298 2826 pergeret,
1328 2735 1489 2806 obvium
1521 2736 1666 2808 habuit

219 2881 380 2930 caecum
423 2881 569 2945 unnm;
599 2881 770 2952 cunique
799 2859 962 2928 ductore
1000 2858 1258 2950 praeambulo
1287 2859 1500 2930 indicante·
1527 2882 1667 2931 caecus

219 2989 450 3077 agnosceret
469 2983 612 3054 fratros
641 2983 866 3053 comminus
895 2982 1114 3071 advenisse,
1135 2983 1325 3053 salutavit
1345 3006 1410 3054 eos
1438 2984 1666 3077 genuflexo

216 3131 334 3202 super
363 3114 511 3180 terram
545 3131 590 3179 ac
620 3107 777 3200 signnm
808 3108 935 3179 crucis
956 3107 1163 3178 lnnniliter
1183 3129 1300 3200 super
1320 3108 1454 3180 oculos
1482 3109 1558 3180 sibi
1578 3107 1665 3180 lieri

217 3234 446 3326 postularit.
481 3233 620 3304 llrater
660 3254 752 3302 vero
782 3231 1011 3304 Bernardns
1049 3254 1181 3304 comes
1215 3232 1302 3324 ejus
1331 3233 1436 3303 caeci
1475 3233 1594 3304 tidem
1625 3239 1666 3305 et

216 3359 352 3429 fratris
369 3360 517 3452 pariter
531 3358 743 3428 attendens
759 3358 1010 3428 sanctitatem
1029 3357 1134 3428 dieto
1149 3357 1264 3426 fratri
1283 3352 1667 3458 Ra·inald0(f.138’')

218 3484 426 3554 mandarit
454 3507 524 3576 per
543 3483 814 3555 obedientiam
835 3482 1064 3570 salutarem,
1087 3485 1131 3552 ut
1159 3503 1275 3552 caeco
1293 3483 1454 3570 taceret,
1475 3482 1581 3575 quod
1600 3504 1664 3575 pe-

218 3609 339 3679 tebat.
371 3605 519 3680 Statim
548 3613 682 3678 antem
715 3608 952 3700 supcroaeci
982 3607 1107 3678 ocrdis
1136 3606 1249 3700 signo
1278 3608 1385 3678 facto
1415 3629 1546 3678 coram
1569 3607 1667 3700 ipsis

217 3731 353 3801 lumen
384 3732 537 3825 accepit
556 3737 596 3803 et
623 3732 865 3822 fugientium
894 3731 1065 3802 fratrum
1097 3731 1265 3826 vestigia
1293 3731 1496 3802 insecutus
1516 3735 1664 3802 terram

216 3855 451 3926 deosculans
480 3855 769 3947 proclamabat:
805 3885 822 3922 «
854 3855 929 3925 Isti
958 3859 1053 3925 sunt
1077 3877 1168 3926 rere
1197 3854 1324 3925 sancti
1354 3859 1394 3925 ct
1422 3854 1543 3925 amici
1571 3853 1663 3940 Dei,

216 3979 298 4073 qui,
329 4001 420 4050 cum
450 4002 588 4050 caccus
617 3979 841 4068 existerem,
871 3979 972 4049 mihi
993 3979 1128 4051 oculos
1156 3979 1426 4050 reddiderunt.
1458 3977 1665 4049 »Modico

217 4103 354 4198 itaque
375 4108 554 4198 tempore
574 4104 808 4175 decurrente
836 4104 998 4174 interim
1021 4126 1112 4174 cum
1132 4103 1263 4174 dictus
1291 4103 1416 4174 frater
1435 4101 1667 4174 infirmatus

216 4228 337 4299 morti
367 4228 875 4320 conterminusappareret,
904 4229 1049 4300 fratres
1068 4228 1200 4321 plures
1228 4229 1277 4299 de
1306 4227 1513 4322 provincia
1531 4227 1663 4322 ipsum

215 4353 360 4424 intimo
389 4353 601 4448 diligentes
630 4354 680 4424 ad
700 4353 1004 4425 custodiendum
1035 4375 1124 4424 eunr
1147 4353 1252 4424 circa
1280 4353 1492 4424 transitum
1525 4375 1665 4424 conve-

216 4483 376 4567 nerunt,
406 4501 577 4572 cumque
601 4479 690 4572 jam
720 4478 828 4548 caelo
857 4477 1060 4549 videretur
1088 4477 1231 4568 affinis,
1248 4479 1378 4572 coepit
1406 4499 1547 4570 corpus
1577 4477 1665 4570 eins

217 4603 358 4674 sudore
388 4603 587 4696 perfundi,
617 4606 657 4673 et
685 4607 956 4696 apparuerunt
990 4601 1162 4672 insacia
1191 4601 1279 4695 ejus
1308 4607 1349 4673 et
1377 4602 1517 4674 babitu
1551 4601 1665 4694 quasi

704 4808 780 4814 ---
795 4809 867 4814 -..-
886 4809 1007 4814 .—---
1019 4805 1287 4814 —-.-.—-—.-

325 4931 400 4983 ¹l's.
425 4931 485 4996 13⁵,
511 4929 553 4984 17.

325 5030 334 5056 ¹¹
354 5019 457 5074 blatth.
481 5020 525 5086 10,
547 5021 591 5073 lo.
