3902 5570
669 413 724 463 nn
756 411 896 463 numo
930 411 1233 464 nrmrnuan».
1620 391 1672 462 35

1084 529 1671 560 .-...—.-.-.——L-—......

343 637 402 742 (7)
438 640 663 733 llorporitu
704 641 754 712 de
790 643 947 712 llrtona
986 642 1126 732 jurata
1164 641 1367 734 deposuit,
1407 642 1534 734 qnod,
1578 615 1673 712 (eum.

226 767 365 836 morire
394 767 543 836 oadueo
580 785 618 835 rr
651 766 768 836 annis
796 766 987 836 oorrtinue
1017 765 1247 851 laborasset,
1273 759 1319 863 (t'.
1344 761 1434 864 (ἵν’)
1463 767 1511 837 ad
1542 766 1670 859 sepul-

224 891 365 962 rlnum
400 891 536 962 fratris
567 889 819 960 Berrerenuti
853 891 997 962 devota
1029 889 1191 964 vernens
1220 890 1458 982 repromisit,
1488 891 1606 984 quod,
1636 893 1670 962 si

227 1013 336 1085 Deus
364 1037 452 1084 eam
492 1013 673 1106 preeibus
710 1013 834 1106 ipsius
863 1019 901 1084 et
931 1013 1087 1084 meritis
1126 1013 1326 1100 liberaret,
1360 1015 1573 1106 depingere
1612 996 1670 1085 l'a-

222 1147 329 1208 ueret
367 1138 583 1228 imaginem
614 1137 710 1209 dieti
740 1138 875 1208 fratris
904 1139 1046 1208 faeiem
1080 1142 1398 1230 praesentantem
1422 1145 1463 1208 et
1482 1161 1552 1231 pro
1572 1139 1670 1210 i'aeti

224 1262 417 1332 memoria
460 1285 592 1332 eoram
637 1261 793 1333 tumulo
831 1262 1061 1352 eollocar·et;
1101 1284 1180 1356 qno
1218 1262 1361 1339 emisso
1397 1237 1563 1368 prorlrus
1600 1263 1669 1334 ille

223 1385 434 1458 mulierem
465 1387 595 1480 eoepit
624 1387 830 1467 int'estare;
861 1387 928 1458 sed
958 1393 1173 1480 antequam
1206 1386 1291 1456 loro
1320 1387 1488 1474 eederet,
1520 1387 1576 1458 ita
1604 1411 1668 1482 pe·

225 1510 333 1581 nitus
371 1511 505 1582 extitit
535 1511 713 1590 liberata,
744 1512 850 1604 (prod
880 1529 1099 1604 nmnqnam
1137 1515 1274 1604 postea
1311 1510 1460 1614 dietam
1499 1514 1668 1585 senserit

225 1636 461 1727 prrssionern.
478 1637 485 1672 ¹

329 1755 390 1859 (8)
412 1761 537 1839 ,laeua
560 1761 705 1831 nrnlier
725 1762 772 1832 de
794 1759 981 1848 Corneto,
1003 1760 1124 1831 trium
1148 1783 1344 1832 annornm
1372 1763 1501 1854 spatio
1529 1769 1668 1854 guttae

222 1887 393 1958 caducae
422 1885 521 1956 uitio
550 1885 731 1980 fatigata,
761 1908 850 1956 (rum
882 1890 968 1955 toto
997 1885 1094 1956 dieti
1124 1887 1317 1978 temporis
1350 1887 1478 1980 spatio
1506 1888 1664 1960 nullum

222 1999 340 2104 super
369 2011 442 2080 lroe
472 2010 694 2108 remedium
725 2009 955 2099 invenisset,
976 2011 1141 2080 accessit
1161 2011 1209 2082 ad
1240 2033 1381 2103 eorpus
1400 2012 1496 2083 dieti
1516 2013 1665 2102 fratris,

222 2137 317 2206 dum
344 2135 474 2206 adlrur
508 2135 694 2205 existeret
724 2134 982 2226 insepultum,
1018 2139 1056 2205 et
1092 2135 1271 2204 oratione
1305 2123 1416 2205 t'arta
1448 2158 1580 2207 eoram
1620 2161 1667 2210 eo

223 2259 384 2330 morlms
417 2263 510 2329 eam'
537 2257 719 2352 'graviter
756 2263 815 2328 est
852 2280 1059 2351 aggressus
1097 2259 1166 2339 ita,
1205 2259 1310 2350 qued
1349 2259 1668 2354 vigintiquatuor

222 2371 383 2454 vieilurs'
417 2384 542 2476 ipsam
583 2387 790 2454 sterneret.
827 2405 946 2476 super
989 2389 1159 2483 terram3
1204 2383 1310 2476 quod
1354 2369 1552 2474 uidentes,
1596 2387 1666 2480 qui

220 2509 398 2596 tulerant,
428 2513 469 2579 et
496 2507 784 2602 compatientes
821 2507 949 2578 dolori
983 2508 1163 2600 ejusdem
1199 2508 1382 2580 afratre·
1404 2508 1666 2582 Beneuennto

221 2633 510 2704 instantissime
539 2631 796 2726 postulabant
829 2611 1082 2728 [auxilinm]
1128 2633 1245 2704 Cirea
1289 2627 1444 2704 horam⁰
1467 2635 1662 2706 dedimam

220 2759 318 2828 adeo
338 2757 506 2848 liberata
525 2756 697 2846 recessit,
728 2757 833 2850 quod
863 2757 1037 2828 similem
1067 2763 1204 2851 postea
1224 2781 1303 2828 non
1325 2759 1564 2852 persenserit
1583 2782 1668 2853 pas-

219 2882 411 2954 sionem.²
473 2929 477 2937 -

330 3007 388 3080 Ile
421 3008 590 3098 leprosis.
611 3003 672 3106 (a)
692 3005 843 3078 Mulier
863 3007 1058 3099 quaedam
1083 3005 1456 3112 rrobilis,51nrillirur
1487 3010 1664 3100 nomine,
1773 3039 1780 3054 ·

218 3123 266 3226 (f.
302 3127 391 3230 pp)
423 3131 562 3202 relicta
604 3131 763 3226 ltogerii
803 3131 944 3202 militis
982 3131 1030 3200 de
1068 3130 1258 3219 Corneto,
1291 3131 1431 3225 jurata
1468 3135 1664 3228 deposuit,

219 3259 338 3348 qnml,
368 3257 463 3326 dum
503 3255 741 3332 viduitatem
780 3278 890 3326 suam
936 3255 1022 3324 viro
1066 3262 1226 3326 mortuo
1255 3257 1491 3349 deploraret,
1531 3281 1665 3352 eoepe-

220 3384 315 3450 runt
333 3380 455 3474 'signa
484 3380 615 3473 leprae
637 3380 676 3450 in
704 3379 829 3474 ipsius
848 3401 1012 3473 eorpore
1041 3379 1297 3452 manifestius
1326 3404 1532 3484 apparere,
1557 3383 1664 3454 Nam

218 3527 242 3574 a
272 3503 409 3597 planta
438 3505 547 3604 laedis
578 3527 700 3598 usque
738 3505 786 3576 ad
826 3505 1016 3574 verticem
1048 3503 1249 3576 ulrerilms
1282 3511 1475 3600 orrnpata
1512 3529 1665 3578 scamas

218 3629 473 3700 densissimas
502 3653 591 3700 eum
623 3629 760 3723 sapida
777 3627 812 3716 (l)
835 3629 1066 3721 vaporabat.
1088 3628 1219 3703 Tanto
1241 3631 1403 3724 insuper
1422 3631 1554 3703 lrieme
1585 3655 1665 3707 me-

218 3754 283 3824 dia
313 3759 494 3826 aestuata
522 3755 652 3826 calore
680 3753 873 3840 fervebat,
894 3755 999 3846 qued
1019 3755 1088 3826 rix
1108 3754 1232 3824 solam
1260 3755 1474 3826 interulam
1507 3759 1664 3850 pqterat

218 3877 425 3948 sustinere.
457 3878 677 3970 Superrilia
706 3901 800 3948 vero
820 3878 907 3970 ejus
927 3877 1018 3970 pilis
1040 3879 1200 3970 penitus
1215 3879 1417 3958 ‹lemidata
1439 3881 1662 3970 calvelrant,

217 4009 258 4072 et
287 4002 454 4072 lrmnore
484 4004 654 4096 quodam
685 4003 734 4072 ab
768 4002 893 4072 oculis
930 4002 1133 4073 detinente
1171 4003 1326 4074 lumine
1364 4003 1481 4074 solito
1519 4003 1664 4098 ealign-

219 4127 326 4197 lmnt.
357 4125 553 4200 Similiter
581 4131 715 4198 autern
747 4151 794 4198 ex
823 4127 990 4198 naribus
1028 4127 1117 4220 ejus
1145 4129 1276 4197 foetor
1315 4129 1464 4198 nimius
1502 4129 1664 4200 aulrela-

219 4251 298 4332 nat,
328 4256 447 4343 eaput
484 4274 641 4345 quoqne
676 4252 800 4345 ipsius
840 4251 1062 4345 inpetigine
1100 4257 1338 4345 orenpatum
1378 4252 1543 4346 ‹eapilles
1582 4277 1661 4324 non

198 4383 372 4468 poterat
405 4376 610 4446 sustinere.
650 4375 762 4449 Vooe
800 4377 973 4470 deniqne
1011 4379 1264 4446 raueesrente
1295 4400 1447 4470 ungues
1475 4401 1499 4448 a
1527 4378 1663 4472 digitis

156 4478 162 4487 ¹
217 4501 365 4592 pariter
393 4501 633 4590 reviderunt,
664 4509 702 4573 et
733 4501 787 4572 ita
810 4502 964 4572 lrorrmi
984 4501 1173 4572 omnibus
1193 4509 1252 4572 est
1272 4503 1423 4592 eil'eeta,
1444 4503 1548 4598 quod
1570 4503 1662 4573 abo-

217 4625 465 4696 minantilms
494 4649 581 4698 eam
612 4627 706 4697 tiliis
735 4631 773 4696 et
804 4625 962 4696 filiabus
991 4625 1162 4719 propriis
1191 4649 1280 4696 rum
1314 4626 1477 4720 leprosis
1498 4651 1520 4697 a
1547 4631 1661 4698 roetu

325 4959 333 4985 ¹
353 4957 396 5012 (tl.
418 4959 488 5039 fleto
508 4959 571 5019 SR,
593 4977 621 5012 n.
643 4965 659 5008 a·
679 4959 705 5015 i«
722 4959 757 5012 de
771 4949 888 5012 (lidona
903 4967 939 5021 a).

323 5055 331 5080 ²
352 5048 395 5102 Ct.
419 5051 487 5102 lota
508 5050 570 5112 ΕΚ,
592 5065 619 5102 ιι,
641 5051 667 5101 a.
690 5066 715 5099 ια
731 5049 813 5102 Bella
833 5047 982 5118 Suguerru
996 5060 1033 5120 a).
