3880 5568
706 397 760 447 llll
782 397 955 450 Fltu'l'ltll
979 399 1182 450 lllltlllll-ll).

357 749 426 820 Du
455 769 626 821 nisinun
662 751 871 842 ltoouuu-›,
903 771 979 836 our
1009 771 1266 836 nitorrnsrrr
1297 755 1532 826 'l'uounrn¹

245 977 248 984 ¹
328 998 535 1070 ⁴l'uraulor.
552 995 614 1098 (1)
632 999 790 1086 Solium,
812 1023 912 1072 uxor
931 999 1044 1072 Petri
1067 1000 1247 1072 Bonifilii
1268 1003 1316 1073 de
1336 1001 1550 1097 Forguola,
1571 1025 1659 1073 cum

217 1143 343 1192 annos
372 1121 470 1192 duos
499 1122 735 1196 inlirnritatc
764 1125 1001 1218 gravissima
1029 1119 1238 1210 laboraret,
1269 1130 1470 1198 crescente
1500 1127 1661 1198 laudern

216 1246 466 1337 aegritudine
495 1248 543 1318 ad
574 1248 772 1320 insaniam
802 1249 972 1320 deducta
1001 1255 1079 1335 est;
1109 1250 1303 1322 stridebat
1341 1251 1452 1322 eninr
1499 1251 1664 1322 horribi-

216 1369 307 1440 liter
336 1374 497 1442 mutans
539 1395 655 1443 voces
684 1376 724 1444 ct
753 1373 952 1468 singultus
981 1375 1192 1446 continuos
1225 1372 1446 1468 expirabat.
1482 1375 1664 1450 Veniens

216 1494 339 1586 igitur
368 1495 416 1568 ad
445 1497 701 1588 sepulchrum
730 1498 868 1570 fratris
896 1497 1090 1570 ltoonun
1119 1499 1160 1569 in
1190 1497 1366 1572 'l'ndcrto
1395 1501 1662 1594 pe1·ejdsdc1n

215 1620 360 1691 rucrita
389 1620 580 1713 pristinae
611 1622 766 1694 reddita
795 1629 853 1694 ost
882 1623 1060 1694 sanitati.

321 1740 382 1844 (2)
414 1743 509 1816 Alia
537 1768 693 1839 quoquc
724 1747 868 1817 nrulier
896 1747 944 1818 de
966 1747 1062 1816 villa
1081 1747 1207 1818 sancti
1231 1745 1370 1834 Blasii,
1401 1747 1566 1820 l'rrxcru
1598 1771 1664 1820 no-

215 1868 336 1954 rnine,
351 1869 585 1960 jruanrento
606 1871 794 1956 firunavit,
816 1871 933 1964 quod,
954 1893 1043 1940 cunr
1068 1869 1190 1940 triunr
1212 1893 1411 1942 annorurn
1436 1877 1476 1942 et
1505 1872 1662 1942 dirnidii

214 1994 342 2085 spatio
371 1995 558 2065 illusione
587 1994 828 2066 dacnronurn
875 1994 1086 2066 rrrolestata
1128 1994 1264 2066 fratris
1302 1997 1465 2066 tandcru
1498 1995 1659 2092 ltogcri'

212 2118 411 2190 auxiliuru
454 2120 688 2200 invocasset,
733 2119 856 2211 ipsius
898 2119 1055 2190 nrcritis
1085 2119 1263 2190 totalitcr
1293 2119 1462 2190 liberata
1504 2119 1659 2192 nullanr

214 2243 399 2336 deinceps
428 2243 691 2336 aegritudinis
721 2249 965 2315 nrernoratae
995 2243 1161 2338 pertulit
1191 2243 1428 2336 passionem.
1521 2338 1524 2346 .

321 2362 383 2466 (3)
412 2367 547 2438 ,llario
575 2367 742 2437 ‚annau
771 2365 944 2438 Bcrordi
972 2369 1020 2439 de
1041 2383 1169 2439 castro
1189 2367 1328 2463 Mogii,
1359 2391 1448 2440 curn
1480 2369 1669 2461 passione

215 2494 410 2564 frenetica
431 2492 640 2580 laboraret,
671 2497 790 2584 coquit
819 2513 935 2564 suurn
958 2493 1103 2586 paluris
1123 2494 1297 2581 caedere,
1319 2497 1457 2586 pectus
1477 2494 1659 2578 tundere,

215 2622 342 2688 restes
371 2639 527 2710 (proque
556 2639 636 2708 non
666 2617 820 2688 destitit
849 2617 1012 2689 laniare.
1057 2617 1196 2690 Ductu
1236 2618 1358 2711 igitur
1401 2617 1478 2688 tiri
1521 2619 1581 2690 sui
1612 2620 1661 2690 ad

214 2742 467 2836 sepulclrrurn
498 2735 546 2841 (f.
569 2737 681 2838 lor)
708 2742 845 2814 fratris
874 2743 970 2814 dicti
1001 2743 1236 2836 perveniens
1279 2741 1449 2814 stridore
1484 2743 1660 2814 nrirabili

214 2867 452 2961 quandoque
482 2865 653 2936 latrabat
682 2869 727 2936 ut
755 2867 876 2954 carnis,
900 2868 1014 2937 nrodo
1043 2889 1137 2938 vero
1157 2889 1266 2936 ruore
1286 2866 1434 2937 lrovunr
1465 2867 1660 2938 altissime

216 2991 431 3085 irrugiebat.
462 2987 539 3062 Sed
568 3013 657 3060 curn
689 2990 861 3084 denique
890 2991 1059 3085 fatigata
1088 3013 1219 3061 corarn
1252 2992 1409 3062 tunrulo
1448 2991 1657 3084 paululum

213 3116 415 3186 dormiens
431 3115 657 3208 quievisset,
679 3114 802 3208 ipsius
822 3115 977 3185 rneritis
997 3115 1188 3185 continuo
1208 3115 1377 3186 liberata
1401 3116 1541 3208 dignas
1570 3115 1659 3186 Deo

214 3241 431 3334 gratiarum
463 3239 604 3310 rctulit
632 3239 820 3310 actiones.

325 3365 528 3434 lloraucia.
557 3357 618 3460 (l)
651 3363 894 3434 lr’crrrurllur
923 3364 1086 3457 qnidanr
1118 3363 1361 3435 Tudertinus
1391 3364 1540 3434 liabens
1570 3389 1658 3436 ocu-

215 3489 296 3560 lunr
320 3488 399 3559 tela
419 3488 590 3581 quadarn
612 3510 657 3557 ac
678 3488 872 3580 pupillanr
894 3487 1082 3580 albugine
1112 3489 1167 3560 sic
1196 3489 1407 3576 obsessarn,
1430 3489 1535 3581 quod
1554 3489 1658 3560 nilril

213 3613 378 3705 ornnino
408 3611 562 3682 viderat
590 3635 659 3705 per
687 3618 767 3684 tros
796 3635 933 3699 annos,
964 3635 1096 3683 corani
1129 3613 1285 3684 tornulo
1314 3612 1410 3684 dicti
1430 3612 1567 3684 fratris
1587 3613 1658 3686 lru-

214 3737 363 3808 nriliter
392 3737 633 3808 coristitutus
662 3737 732 3808 diu
762 3737 960 3829 perditnrn
990 3737 1128 3809 lurnon
1158 3737 1346 3826 obtinuit,
1371 3742 1416 3808 ut
1444 3741 1656 3824 testantur,

213 3862 281 3954 qni
311 3862 495 3932 orbatrnn
526 3861 614 3930 luco
643 3861 826 3932 viderant
855 3865 895 3931 et
924 3867 1061 3953 postea
1089 3861 1334 3932 restitutunr.

319 3982 509 4084 (aruer
528 3985 705 4079 quidam,
728 3984 891 4055 nornine
926 3985 1159 4071 l'ulouirura,
1190 3985 1353 4057 annisu
1375 3985 1526 4056 sinistri
1552 3986 1668 4056 oculi-

212 4111 365 4182 lunrine
393 4111 607 4183 destitutus
636 4111 684 4180 ad
714 4108 970 4201 scpulclrrurn
999 4109 1128 4181 sancti
1156 4109 1291 4180 fratris
1333 4109 1551 4181 adveniens
1593 4134 1655 4181 co-

214 4259 297 4306 ranr
328 4235 592 4306 nrnltitudinc
621 4233 771 4327 populi,
810 4233 878 4326 qui
915 4239 1197 4322 convenerant,
1227 4233 1337 4304 illico
1380 4237 1439 4304 est
1481 4237 1654 4306 curatus.

318 4581 326 4607 ¹
347 4569 508 4623 Basanon.
531 4568 593 4622 Prs.
616 4569 635 4621 l.
657 4583 681 4622 c.
703 4571 737 4621 lr.
762 4583 828 4620 rur.
843 4583 871 4635 p.
888 4582 922 4632 11,
943 4566 988 4620 De
1004 4567 1159 4620 Provincia
1172 4564 1202 4619 S.
1218 4567 1379 4632 Francisci,
1401 4566 1498 4620 Locus
1518 4567 1652 4634 Tuderti,

212 4659 302 4712 verba
321 4661 354 4710 lr.
377 4657 519 4711 Bernerdi
539 4657 576 4711 do
595 4651 695 4724 llessfa,
716 4657 843 4724 quaein
864 4655 1082 4710 introductione
1101 4655 1271 4722 citavimus
1295 4669 1400 4723 parum
1430 4660 1543 4708 mutata
1570 4657 1654 4710 attert

212 4761 266 4800 nec
279 4745 338 4799 alia
351 4745 447 4812 addit,
469 4745 593 4799 Tossru.
614 4761 683 4799 vero
704 4745 722 4798 l.
745 4761 770 4798 e.
792 4745 841 4797 lol.
858 4744 925 4796 1281‘
937 4743 1019 4798 addit
1032 4743 1177 4798 miracula
1191 4745 1216 4811 1,
1237 4745 1257 4811 l,
1274 4743 1300 4812 d,
1318 4745 1350 4796 10
1363 4743 1491 4796 breviter
1503 4751 1650 4813 excerpta.

213 4832 325 4888 ll'nnn.
346 4835 383 4888 ad
403 4850 451 4888 an.
474 4834 542 4886 1236
562 4849 591 4886 u.
615 4849 644 4886 rr
666 4833 703 4886 de
722 4833 754 4888 B.
776 4833 900 4901 Bouario
920 4847 1012 4902 agens
1031 4832 1089 4886 ait:
1105 4851 1120 4883 «
1134 4831 1192 4888 Sed
1206 4832 1343 4888 omnibus
1362 4831 1564 4887 abundantius
1586 4817 1652 4887 ller-

212 4923 325 4975 oardos
343 4924 377 4976 de
396 4925 497 4989 llessu,
518 4937 554 4976 ex
575 4936 633 4990 quo
653 4923 724 4975 llaec
744 4923 904 4991 praecipua
931 4921 1097 4976 delibamus
1111 4941 1137 4988 »ς
1158 4925 1325 4989 sequnntur
1344 4921 1488 4990 quaedam
1503 4921 1539 4974 de
1558 4922 1652 4990 ipsius

209 5008 370 5065 virtutibus
389 5017 419 5065 et
438 5011 582 5065 miracula
601 5011 627 5076 a,
644 5013 686 5078 10,
703 5013 746 5079 11,
761 5011 788 5078 ᾗ,
802 5013 829 5077 a,
845 5011 903 5078 1,1
923 5010 951 5081 (s
965 5009 1152 5066 Terracellus
1166 5014 1201 5073 »).
