3880 5568
667 391 725 444 uu
755 389 1004 444 visrournus
1033 389 1257 444 renuatur.
1603 371 1678 441 117

239 625 385 696 restitit
413 624 456 696 in
485 623 652 712 declivo,
682 624 939 716 quoadusque
967 623 1091 694 frater
1121 623 1284 694 veniens
1313 645 1388 694 ova
1420 622 1557 694 omnia
1589 643 1680 692 cunr
1760 656 1768 666 ι

240 771 330 820 vase
358 751 516 844 integra
543 747 802 842 collegisset¹
1186 737 1194 753 '

345 873 452 945 Item
480 874 604 946 frater
632 872 735 944 alius
763 872 812 942 de
842 869 1011 960 Assisio‚
1042 870 1340 943 Turronnnuus
1376 870 1550 958 nurnine,
1589 892 1678 973 curu

240 997 281 1068 iu
309 997 395 1068 loco
423 998 551 1069 sancti
579 995 789 1068 Laurentii
811 997 933 1089 juxta
960 995 1162 1088 civitatem
1195 993 1404 1068 Ortenscrn
1436 997 1547 1065 trans
1568 990 1682 1066 Tibe-

240 1120 314 1191 rim
345 1126 580 1210 moraretur,
609 1120 794 1213 injuncta
822 1119 897 1192 sibi
926 1119 1154 1192 obedientia
1182 1142 1206 1190 a
1233 1119 1368 1210 fratrc,
1399 1119 1467 1212 qui
1488 1123 1680 1212 praeerat,

239 1248 284 1315 ut
311 1244 521 1316 confestim
550 1246 599 1316 ad
629 1243 873 1338 praedictam
903 1244 1107 1318 civitatcrn
1137 1243 1474 1338 proquibusdam
1504 1263 1681 1314 neccssa-

240 1369 308 1439 riis
336 1375 576 1463 properaret,
606 1371 656 1441 ad
686 1368 863 1440 Tiberim
893 1369 1057 1440 veniens
1076 1369 1311 1440 mundatum
1333 1367 1458 1460 patris
1477 1366 1683 1472 satagebat

238 1494 398 1587 exsequi
439 1495 694 1581 festinantem
725 1493 768 1588 (f.
799 1491 919 1586 146⁰)
949 1515 1121 1588 cumque
1159 1477 1386 1564 navicularii
1427 1491 1595 1562 minime
1624 1511 1681 1561 re-

239 1619 416 1712 pcrisset,
445 1641 600 1690 memor
628 1618 878 1690 obedientiae
907 1618 973 1690 sed
1003 1618 1170 1712 periculi
1190 1618 1406 1700 immemor
1436 1616 1592 1687 elevata
1620 1619 1680 1686 tu-

239 1743 329 1814 nica
356 1763 474 1836 super
501 1765 634 1840 aquas
652 1741 818 1836 pedibus
847 1743 1015 1837 propriis
1043 1741 1268 1814 ambulavit
1295 1746 1336 1813 et
1354 1739 1621 1813 clamantibus
1641 1745 1681 1810 et

238 1867 479 1938 mirantibus
499 1867 729 1938 homiuibus
750 1867 898 1960 pariter
916 1873 957 1938 et
974 1867 1210 1939 mulieribus
1229 1867 1334 1938 circa
1352 1865 1504 1937 flumen
1524 1865 1681 1936 adstan-

227 1991 358 2090 tibus,
387 2013 438 2062 ne
466 1992 876 2084 transiret;·cunrque
905 1991 1030 2062 mirae
1058 1991 1285 2064 altitudinis
1322 2013 1426 2084 aqua
1467 1991 1582 2079 foret,
1613 1990 1685 2061 ubi

238 2115 425 2187 transivit
452 2116 577 2187 frater
604 2116 747 2206 dictus,
776 2115 843 2186 vix
874 2137 996 2210 usque
1024 2117 1074 2187 ad
1102 2115 1272 2210 poplites
1300 2137 1404 2210 aqua
1422 2115 1603 2188 fluminis
1622 2118 1682 2186 cst

239 2240 432 2332 perfusus.
454 2237 553 2310 Alio
572 2263 730 2334 quoque
749 2245 939 2334 tempore,
961 2261 1052 2310 cum
1074 2241 1198 2311 frater
1226 2240 1331 2310 idem
1353 2262 1424 2332 pro
1444 2239 1682 2334 quaerendis

239 2364 412 2456 piscibus
440 2365 584 2436 missus
611 2364 726 2454 foret,
757 2386 829 2436 nec
849 2364 1003 2457 aliquos
1022 2364 1203 2435 invenire
1223 2363 1428 2457 potuisset,
1449 2386 1548 2460 quos
1568 2385 1681 2458 prece

239 2488 302 2558 vel
331 2489 459 2580 pretio
487 2492 721 2582 reportaret,
743 2487 943 2559 inclinans
963 2509 1003 2559 se
1023 2510 1188 2559 manum
1210 2488 1320 2560 misit
1339 2488 1380 2559 in
1401 2488 1570 2560 fluvium
1591 2510 1681 2560 con-

240 2610 408 2683 lidentor
449 2617 724 2706 scrutatusque
753 2612 907 2684 duabus
935 2611 1089 2684 vicibus
1130 2613 1203 2684 sub
1244 2634 1365 2684 arena
1398 2616 1567 2706 utraque
1595 2613 1681 2684 vice

239 2735 385 2828 piscem
418 2759 540 2808 uuum
572 2736 838 2830 longitudinis
867 2737 992 2830 paluri
1022 2737 1140 2837 unius
1168 2737 1341 2808 extraxit
1360 2740 1400 2806 ct
1419 2737 1584 2808 domum
1606 2737 1681 2808 fro·

239 2859 367 2932 tribus
394 2861 651 2954 reportavit²

345 2983 525 3056 Auditor.
555 2983 690 3057 Multa
718 2987 846 3058 divini
874 2987 1061 3079 praesidii
1098 2985 1340 3058 confidentia
1368 3010 1435 3060 cor
1464 2988 1577 3059 istius
1604 2989 1682 3058 fra-

239 3109 311 3181 tris
348 3109 536 3198 obtinuit,
565 3111 635 3203 qui
664 3132 734 3203 pro
777 3110 881 3181 bono
923 3109 1174 3183 obedientiae
1215 3113 1352 3182 tantae
1396 3111 1682 3205 profunditatis

239 3234 407 3306 lluviurn
438 3255 518 3307 non
547 3234 686 3306 timuit
715 3239 972 3307 transmeare.

450 3479 648 3576 (Sequitur
675 3481 870 3575 diulogsum
891 3483 1020 3574 porpil
1048 3481 1204 3552 creditor
1222 3477 1299 3576 sol.
1333 3483 1455 3574 Zilil:

345 3727 525 3799 Auditor.
557 3729 619 3800 lix
646 3751 692 3801 eo
708 3729 823 3801 valde
843 3730 1078 3824 magnitudo
1098 3729 1190 3804 fidei
1210 3731 1308 3802 dicti
1327 3733 1463 3803 fratris
1482 3731 1679 3826 apparuit,

240 3851 345 3944 quod
374 3873 497 3952 uranu
525 3854 685 3946 propria
712 3853 785 3924 sub
814 3876 934 3926 arena
962 3853 1141 3925 fluminis
1161 3853 1285 3948 pisces
1305 3855 1462 3950 reperit,
1484 3878 1582 3949 quos
1603 3855 1680 3926 fru-

239 3975 368 4047 tribus
395 3976 670 4070 indigentibus
699 3979 940 4071 apportavit.

347 4099 556 4170 ll'orrotor.
578 4097 771 4195 Magnam
792 4101 922 4194 plane,
943 4102 1046 4174 sicut
1065 4103 1218 4193 asseris,
1240 4103 1418 4174 extitisse
1445 4103 1619 4194 arbitror
1639 4103 1681 4174 li·

236 4224 326 4295 dem
343 4224 500 4312 fratris3
524 4229 657 4296 utrurn
679 4229 815 4296 tamen
835 4226 923 4319 ejus
943 4225 1050 4314 fidos,
1071 4227 1314 4298 anfratrum
1336 4231 1441 4298 certe
1463 4228 1676 4299 necessitas

1208 4439 1390 4448 ——1——-.

344 4557 533 4613 ²Bnuru0n.
556 4559 618 4614 Pis.
640 4559 659 4612 l.
681 4575 706 4612 c.
728 4558 774 4613 De
792 4559 945 4628 provincia
969 4561 1065 4614 sancti
1085 4560 1199 4627 iacobi,
1220 4561 1298 4615 idem
1325 4561 1408 4615 brevi
1434 4562 1530 4616 relert.
1553 4561 1678 4617 Tossru.

238 4645 257 4699 l.
269 4661 295 4700 c.
308 4647 357 4701 fol.
369 4646 420 4700 841>
435 4647 531 4701 solum
545 4648 618 4702 haec
631 4648 738 4702 habet:
759 4647 818 4701 «B.
832 4647 965 4702 Boncasa
975 4648 1157 4703 Tudertinus
1167 4651 1266 4704 floruit
1279 4650 1310 4704 in
1325 4650 1477 4720 provincia
1491 4641 1520 4704 Sss
1534 4650 1639 4705 Jacobi
1650 4669 1676 4718 »ς

237 4735 274 4788 cl.
295 4733 332 4788 de
350 4735 414 4804 ipso
433 4735 547 4790 Wnou.
569 4735 606 4788 ud
625 4751 674 4789 uu.
697 4735 766 4788 1216
785 4751 814 4790 n.
838 4751 869 4790 u.

343 4823 453 4877 ²Idem
472 4824 570 4878 vorbis
589 4839 693 4894 parurn
714 4824 835 4879 mutatis
853 4824 933 4894 apud
953 4825 1116 4880 Buuruor„
1138 4825 1200 4880 Prs.
1223 4827 1242 4880 l.
1264 4843 1289 4880 c.
1311 4827 1356 4880 De
1370 4827 1524 4896 provincia
1537 4827 1678 4895 Romana,

238 4911 335 4966 Locus
353 4911 390 4966 de
408 4911 564 4966 Hortense.
586 4911 710 4968 Tossru.
733 4913 752 4965 l.
773 4928 799 4966 c.
821 4913 869 4967 fol.
892 4913 960 4966 129υ
981 4915 1064 4984 prius
1091 4915 1269 4970 miraculum
1289 4915 1392 4984 paucis
1417 4915 1534 4970 omissis
1562 4916 1677 4984 repetit.

238 5001 437 5057 Wsomuous
456 5001 493 5054 ad
512 5015 560 5054 uu.
583 4999 652 5054 1210
670 5017 700 5054 n.
724 5017 776 5054 xnr
796 5007 957 5072 utrumque
974 5017 1028 5057 suo
1046 5003 1115 5058 stilo
1133 5007 1260 5057 enarrat.
