3880 5568
518 419 574 482 nh
605 431 777 483 usx'rrtu
807 429 1032 484 autumare
1062 430 1346 485 Masssxnxsr.
1439 409 1441 414 ’
1602 411 1651 483 67

210 659 420 754 glandulas
464 661 614 732 habeus
641 661 683 732 iu
712 667 875 754 gutture
904 659 1108 732 horribilis
1135 661 1387 732 intuentibus
1425 661 1654 755 apparebat,

193 785 445 878 rogavitque
465 785 616 856 dictum
639 788 819 874 fratrom,
840 790 886 857 ut
904 807 1022 879 super
1042 785 1306 858 morbofiliae
1326 787 1484 880 signum
1505 787 1656 858 iaceret

210 912 370 980 sanctae
399 909 537 980 crucis.
569 908 683 1000 Quod
708 933 797 980 cum
819 910 990 998 fecisset,
1012 910 1193 1002 sequenti
1222 911 1286 982 die
1316 911 1447 1003 puella
1476 911 1655 982 totaliter

210 1037 270 1104 cst
299 1035 473 1104 curata¹
1538 1109 1541 1116 ,

317 1151 406 1256 (38)
430 1157 685 1229 ἶΙόι·η.(ηηΙ)ιίιι’
710 1157 887 1228 carnifex
909 1153 1191 1229 lTr'heretanus
1214 1159 1375 1250 juratus
1399 1159 1512 1247 dixit,
1535 1161 1660 1252 quod,

210 1303 301 1351 cum
337 1281 453 1352 aunis
482 1284 652 1374 quatuor
681 1281 862 1374 passione
891 1281 1072 1353 cardiaco
1101 1283 1329 1372 laborasset,
1360 1305 1432 1354 nec
1461 1284 1655 1376 praedicti

211 1405 402 1498 temporis
430 1405 558 1498 spatio
587 1405 738 1500 aliquid
759 1405 913 1499 operari
933 1406 1095 1494 ualeret,
1116 1407 1165 1478 ad
1186 1407 1502 1479 exhortationem
1525 1408 1656 1502 cujus

210 1532 303 1602 dam
325 1529 447 1600 vicini
468 1531 529 1601 sui
548 1529 664 1601 fratri
685 1529 902 1602 Ambrosio
922 1534 1060 1601 uotum
1083 1531 1205 1620 vovit,
1235 1533 1352 1624 quod,
1374 1532 1407 1602 si
1426 1555 1518 1602 eum
1540 1533 1656 1604 mise-

211 1656 419 1728 ricorditer
452 1655 644 1748 respicere
677 1655 924 1748 dignaretur,
955 1655 1209 1748 sepulchrum
1241 1656 1330 1747 ejus
1357 1678 1446 1726 curu
1479 1657 1656 1752 imagine

211 1803 321 1851 cerea
344 1780 536 1851 risitaret.
558 1779 647 1870 Quo
667 1779 811 1850 eruisse
832 1779 872 1850 in
894 1779 1118 1850 continenti
1140 1779 1311 1850 surrexit
1327 1780 1447 1851 homo
1462 1783 1510 1853 dc
1526 1786 1657 1853 stratu

212 1929 296 1992 suo,
317 1928 389 1975 nec
410 1905 586 1997 aliquam
607 1903 792 1997 deinceps
813 1903 943 1974 morbi
963 1904 1154 1996 praedicti
1174 1905 1367 1976 sustinuit
1385 1905 1650 1998 passioueru.²

319 2023 407 2128 (39)
427 2028 605 2098 Domina
628 2027 777 2098 Jucohu
807 2027 1053 2098 „talamana
1078 2029 1125 2099 de
1146 2027 1352 2099 Imbriano
1376 2029 1516 2120 jurata
1540 2031 1657 2124 depe·
1757 2099 1759 2106 s

210 2155 303 2242 suit,
324 2153 441 2247 quod,
458 2143 549 2223 (eum
565 2152 857 2235 infirmitatem,
878 2175 979 2245 quae
998 2152 1123 2222 livida
1142 2152 1302 2240 dicitur,
1323 2153 1463 2225 diebus
1483 2157 1657 2248 ‹pratuor

212 2301 325 2372 passa
352 2281 457 2348 foret
485 2277 554 2364 ita,
584 2277 688 2370 quod
719 2299 969 2370 nequaquam
1001 2277 1208 2347 annedae
1241 2282 1398 2370 poterat
1417 2299 1485 2349 seu
1505 2285 1656 2371 potare,

213 2403 479 2474 invalescente
511 2403 647 2472 morbo
678 2401 874 2494 loquelam
906 2401 1079 2494 perdidit
1108 2401 1156 2472 de
1185 2401 1313 2472 salute
1344 2402 1503 2494 penitus
1522 2403 1657 2496 despe-

214 2533 311 2598 rata.
328 2526 464 2598 Ducta
478 2527 603 2616 igitur
622 2527 670 2596 ad
695 2526 1025 2616 l'rhemvctercm
1045 2525 1283 2596 festinanter
1302 2527 1418 2596 fratri
1439 2524 1658 2598 Ambrosio

213 2655 351 2722 uotum
383 2650 505 2738 vorit,
534 2645 581 2747 (f.
613 2647 698 2748 Sil)
726 2651 843 2743 quod,
874 2649 904 2720 si
936 2671 1022 2722 eam
1055 2650 1104 2720 ab
1139 2649 1376 2721 infirmitate
1418 2650 1657 2742 gravissima

213 2776 413 2861 liberaret,
434 2776 483 2845 ad
503 2774 758 2867 sepulchrum
777 2775 810 2866 ej
820 2798 863 2845 us
882 2775 1102 2866 ituaginem
1123 2797 1276 2844 ceream
1298 2773 1465 2868 pedibus
1485 2775 1659 2868 propriis

210 2901 449 2992 deportaret.
493 2897 626 2989 Igitur
668 2921 785 2968 ruane
823 2899 928 2968 facto
957 2920 1122 2991 surgens
1150 2897 1296 2968 nudior
1324 2898 1372 2968 de
1401 2897 1565 2990 grabato
1596 2897 1657 2970 in-

212 3024 324 3095 xcuit
353 3045 392 3093 se
422 3022 600 3094 totaliter
628 3021 790 3094 sanitati
822 3021 1013 3113 pristinae
1043 3021 1283 3111 restitutam,
1305 3043 1541 3115 reversaque
1562 3045 1655 3093 cum

213 3149 358 3243 gaudio
402 3148 442 3218 iu
486 3147 650 3217 (loruum
695 3167 806 3215 suam
845 3145 1077 3238 diligentius
1106 3146 1324 3239 adimplere
1354 3147 1520 3234 studuit,
1550 3147 1659 3240 quod

214 3272 411 3366 promisit.
427 3271 438 3306 ³

319 3391 408 3494 (to)
423 3394 603 3466 llomiua
622 3395 729 3467 (tiela
749 3394 888 3464 Ilcrica
908 3393 1070 3466 Oarmtii
1081 3395 1316 3488 juranmuto
1333 3395 1521 3490 lineavit,
1538 3395 1657 3488 qued,

212 3544 304 3592 cum
335 3539 466 3590 xxrur
511 3541 708 3590 annorum
747 3520 875 3612 spatio
913 3519 1042 3590 officio
1070 3520 1228 3591 aurium
1273 3520 1466 3592 destituta
1502 3519 1657 3609 fuisset,

212 3644 377 3716 accessit
405 3644 455 3714 ad
484 3643 687 3714 tuumlum
717 3643 813 3714 dicti
843 3644 980 3714 fratris
1008 3666 1053 3714 ac
1082 3647 1175 3715 voto
1198 3645 1302 3715 facto
1336 3643 1491 3714 audivit
1520 3638 1658 3715 statim

211 3769 351 3840 (lisina
379 3768 508 3838 officia
536 3767 793 3855 celebrantes,
823 3771 863 3837 et
891 3767 1120 3839 ridentibus
1151 3768 1288 3840 multis
1312 3769 1354 3840 iu
1375 3769 1541 3840 ecclesia
1568 3790 1661 3838 con-

210 3893 363 3965 stitutis
392 3891 566 3964 ostendit
595 3892 760 3962 nutibus
788 3895 908 3986 atque
937 3892 1060 3980 signis
1089 3915 1129 3963 se
1154 3893 1382 3985 plenissime
1402 3891 1654 3963 liberatam*

320 4013 409 4118 (tl)
428 4016 625 4102 Matrona¹
645 4018 854 4110 quaedam,
885 4016 1082 4090 Srhouldi
1110 4019 1287 4106 nomine,
1309 4041 1407 4089 uxor
1428 4016 1591 4112 Aegidii
1612 4017 1661 4088 de

214 4141 337 4216 Valle
357 4141 518 4231 Planta,
542 4141 682 4234 jurata
711 4141 907 4235 deposuit,
937 4143 1055 4234 quod,
1086 4165 1176 4213 eum
1207 4143 1314 4214 tilius
1334 4143 1421 4236 ejus
1441 4143 1552 4212 tluxu
1573 4163 1662 4213 san-

214 4267 347 4354 guims
374 4266 576 4337 laboraret
605 4265 674 4350 ita,
704 4267 810 4359 quod
839 4267 887 4337 de
916 4265 1001 4336 rita
1031 4268 1141 4360 pueri
1172 4269 1446 4360 desperaretur
1479 4267 1661 4358 eruntne,

321 4617 392 4672 ¹01.
415 4619 508 4686 Frui,
531 4619 549 4671 l.
571 4634 595 4673 e.
618 4634 686 4688 pag.
708 4617 989 4686 salamannus,
1011 4617 1120 4684 meglio
1139 4617 1170 4687 di
1196 4616 1345 4670 Ronucdo
1360 4634 1386 4682 »3
1417 4613 1517 4669 Codex
1546 4615 1663 4684 «glan-

213 4707 303 4776 gulos
318 4709 355 4760 »t

321 4793 392 4849 ²01.
417 4796 509 4860 lmus,
532 4795 550 4847 l.
573 4811 598 4848 c.
621 4811 689 4863 pag.
712 4795 763 4848 132
783 4801 809 4859 (s
824 4793 1000 4848 Tomabeue
1019 4795 1169 4862 carnajolo
1183 4799 1219 4859 »).

321 4881 394 4937 ³01.
416 4883 509 4948 Frsu,
531 4883 550 4936 l.
573 4899 597 4935 c.
619 4898 687 4952 pag.
710 4884 761 4935 131*
780 4889 807 4947 (c
821 4883 929 4936 Donna
949 4883 1081 4950 lamma,
1104 4883 1212 4953 meglio
1232 4882 1261 4935 di
1281 4880 1505 4935 Aldobrandino
1534 4880 1657 4934 Martini

213 4971 252 5026 (la
273 4969 456 5036 Subiuncta).
541 5003 547 5014 ·
1536 4961 1542 4968 ⁸

321 5062 329 5087 ⁴
350 5061 393 5115 Cf.
415 5062 508 5129 l‘rsu,
530 5061 548 5114 l.
571 5078 596 5115 c.
619 5077 686 5131 pag.
709 5061 757 5114 131
781 5071 808 5126 t«
821 5063 907 5116 sorde
927 5063 965 5115 da
983 5061 1160 5132 qrurltordici
1178 5061 1249 5114 anni
1264 5063 1302 5123 s).
