3902 5570
664 460 720 512 lin
752 459 892 514 uulso
926 457 1226 512 nlrxuvnssro.

434 813 633 908 (Sequitur
661 816 856 907 (ltnlopum
879 815 1008 907 propit
1038 821 1222 885 raurrrdor
1241 811 1317 908 sol.
1349 816 1448 902 ran:

331 1063 388 1134 lle
416 1063 684 1134 ‹lircmcmltcic
715 1063 799 1158 (11)
830 1062 980 1134 Mulier
1018 1063 1227 1157 quaedam,
1258 1063 1451 1134 vocabulo
1480 1062 1662 1149 Mera-clia,

209 1189 352 1280 jurata
380 1186 575 1280 deposuit,
605 1189 839 1280 quodcum
870 1193 986 1258 nocte
1015 1187 1188 1281 quadarn
1218 1209 1432 1278 gennanus
1461 1187 1547 1279 ejus
1576 1209 1665 1258 rer-

219 1313 393 1382 berasset
425 1313 620 1396 eamdem,
650 1311 859 1404 indignata
885 1312 992 1382 foras
1021 1310 1130 1398 exiit,
1151 1315 1191 1382 et
1210 1303 1409 1403 profunda
1440 1316 1553 1382 noete
1583 1311 1662 1381 cla—

221 1436 347 1506 marit
375 1435 529 1506 dicens:
566 1433 728 1524 «Veni,
757 1435 926 1524 diabole,
957 1436 1048 1506 vem
1078 1439 1119 1505 et
1147 1435 1253 1505 intra
1276 1455 1419 1528 corpus
1448 1457 1596 1523 uremn,
1618 1443 1663 1506 ut

221 1558 380 1629 liberari
401 1558 555 1629 valeam
576 1559 624 1629 de
645 1558 831 1631 manibus
850 1559 986 1630 fratris
1007 1559 1102 1646 rnei3
1126 1585 1143 1624 »
1168 1553 1338 1652 eumque
1358 1559 1525 1630 verbum
1555 1531 1663 1630 istud

221 1683 454 1754 multotiens
483 1681 724 1776 replicasset,
754 1685 910 1754 adstare
944 1683 1046 1754 vidit
1073 1684 1122 1755 de
1150 1705 1272 1776 prope
1311 1683 1389 1753 duo
1427 1705 1549 1776 parva
1577 1705 1663 1754 cor-

217 1830 316 1900 pora
344 1806 500 1878 Mauris
528 1807 678 1878 similia
705 1808 826 1900 juxta
863 1829 964 1894 eam;
999 1807 1144 1901 quibus
1177 1807 1272 1878 visis
1306 1808 1534 1878 exanimata
1567 1831 1663 1902 quo-

216 1933 432 2004 dammodo
462 1955 555 2026 prae
583 1933 728 2004 timore
757 1932 869 2026 quasi
900 1936 1061 2036 mortua
1088 1932 1232 2004 cecidit
1260 1954 1378 2024 super
1406 1938 1567 2003 terram.
1593 1932 1662 2003 In-

219 2058 401 2129 troducta
439 2081 532 2130 vero
561 2081 584 2128 a
612 2059 735 2130 fratre
764 2080 835 2128 suo
868 2057 999 2150 posita
1036 2062 1096 2128 est
1132 2079 1250 2150 super
1283 2079 1492 2128 scamnum
1522 2063 1562 2128 et
1589 2058 1663 2128 ibi-

217 2183 308 2253 dem
348 2205 417 2276 per
445 2183 528 2254 dies
566 2184 664 2254 duos
692 2183 741 2254 de
778 2184 862 2254 vita
884 2182 1026 2274 ‚jacuit
1058 2184 1277 2274 desperata.
1313 2180 1487 2253 Rediens
1524 2187 1661 2253 tamen
1736 2155 1750 2176 ⁰

216 2309 283 2378 die
312 2309 430 2379 tertio
449 2303 495 2406 (t'.
522 2307 605 2400 Μ’)
635 2309 685 2379 ad
720 2309 888 2402 seipsam
922 2330 991 2401 per
1015 2305 1191 2378 dilucida
1229 2305 1442 2376 intervalla
1480 2305 1565 2378 visa
1602 2311 1662 2378 est

219 2433 374 2504 ratione
401 2431 535 2526 potiri;
565 2437 648 2503 toto
677 2438 813 2504 tamen
842 2431 1119 2527 quinquennio
1147 2453 1218 2524 pro
1247 2430 1393 2523 majori
1422 2439 1533 2523 parte
1563 2435 1662 2502 tenr-

221 2558 324 2650 poris
353 2558 400 2628 ad
432 2557 628 2628 insaniam
660 2564 700 2628 et
723 2557 936 2628 inhonesta
955 2556 1156 2651 quaelibet
1176 2561 1258 2626 tam
1280 2555 1411 2626 verbis
1430 2577 1548 2648 quam
1571 2579 1661 2648 ope·

219 2683 327 2752 ribus
369 2681 581 2752 recidebat.
621 2681 795 2753 Maritus
827 2688 963 2753 autem
1007 2681 1094 2773 ejus
1126 2685 1165 2751 et
1206 2681 1331 2751 frater
1373 2703 1442 2773 per
1484 2681 1661 2752 diversas

218 2807 390 2900 regionis
418 2807 603 2877 ecclesias
622 2807 794 2877 vinculis
822 2806 1028 2898 alligatam
1068 2805 1224 2898 saepius
1254 2807 1526 2897 portaverunt,
1557 2805 1661 2875 nihil

219 2935 353 3000 tamen
383 2929 599 3000 efficientes
628 2953 716 3000 carn
745 2931 849 3000 ferre
879 2929 1046 3000 ulterius
1074 2927 1326 2999 destiterunt.
1344 2925 1509 2998 Auditis
1524 2935 1658 3000 autern

218 3053 469 3123 mirabilibus
501 3053 636 3124 fratris
674 3053 925 3124 Benevenuti
959 3055 1209 3124 accurrentes
1238 3074 1328 3121 cum
1371 3051 1547 3122 lacrimis
1584 3055 1660 3123 sta-

218 3183 382 3249 tuerunt
424 3199 510 3248 eam
542 3183 635 3248 ante
664 3177 917 3270 sepulchrum
954 3176 1042 3270 ejus
1074 3175 1247 3246 vinculis
1284 3198 1394 3246 more
1428 3175 1545 3247 solito
1574 3175 1660 3247 alli-

217 3308 364 3396 gatam.
391 3301 575 3396 Cumque
603 3302 742 3372 diebus
771 3302 947 3395 quinque
976 3301 1017 3371 in
1047 3300 1212 3372 ecclesia
1241 3300 1477 3392 perstitisset
1505 3309 1545 3372 et
1573 3323 1683 3395 gra--

217 3429 305 3498 rius
333 3427 455 3498 sedito·
479 3449 503 3497 a
530 3427 792 3498 daemonibus
821 3430 1044 3513 vexaretur,
1079 3421 1341 3496 accurrebant
1368 3425 1488 3496 multi
1517 3428 1566 3497 de
1595 3448 1660 3519 po·

188 3553 323 3646 pulo,
354 3557 397 3623 ut
426 3574 516 3622 cum
556 3550 815 3622 daemoniaca
855 3551 1126 3644 loquerentur.
1169 3549 1415 3643 Disputabat
1457 3551 1566 3621 enim
1609 3551 1658 3622 de

216 3677 402 3748 ‹minibus
431 3677 602 3746 daemon
631 3675 715 3760 ille;
746 3699 837 3746 eum
872 3676 1026 3746 clericis
1054 3698 1100 3746 ae
1128 3675 1241 3746 laicis
1270 3697 1377 3747 nunc
1414 3675 1657 3762 litteraliter,

215 3823 321 3872 nuuc
352 3801 571 3894 vulgariter
598 3799 855 3892 disceptabat.
886 3799 1052 3870 Praeter
1086 3799 1182 3869 haec
1210 3803 1344 3872 autem
1364 3799 1658 3870 diversificabat

217 3949 330 3998 voces
371 3948 472 4011 suas,
503 3947 610 3996 nunc
643 3925 854 4010 cantando,
897 3947 1004 3995 nunc
1047 3923 1252 4018 plorando,
1295 3947 1402 3995 nunc
1445 3923 1656 4013 sibilando,

216 4073 323 4122 nune
352 4051 547 4136 latrando,
577 4053 617 4120 et
645 4049 695 4119 ad
724 4049 1040 4141 compassionem
1060 4049 1121 4119 sui
1142 4049 1260 4119 corda
1280 4049 1547 4142 praesentium
1571 4070 1657 4140 per-

198 4165 413 4246 movebat.
457 4172 636 4244 Adstans
665 4194 757 4242 vero
787 4194 876 4243 cum
907 4173 997 4242 aliis
1025 4171 1345 4265 archipresbyter
1377 4173 1553 4268 quidam,
1589 4195 1656 4244 no-

215 4299 324 4370 ruine
341 4297 594 4390 Peregrinus,
623 4297 881 4366 daemonium
911 4296 1069 4366 fortiter
1097 4295 1313 4388 adjurarit,
1343 4295 1460 4388 quod,
1491 4295 1522 4366 si
1553 4296 1658 4367 foret

214 4446 238 4493 a
258 4423 424 4494 muliere
444 4418 586 4520 (mar)
607 4442 842 4510 recessurus,
865 4421 1012 4491 diceret
1041 4421 1128 4508 sibi,
1159 4444 1238 4511 qua
1266 4421 1329 4490 die
1358 4420 1421 4490 vel
1450 4443 1530 4513 (lua
1559 4420 1657 4490 hora

213 4547 278 4616 rel
306 4569 384 4640 quo
412 4546 499 4616 loco
527 4546 601 4615 hoc
631 4544 716 4615 lieri
745 4544 924 4634 debebat,
954 4567 999 4614 ac
1019 4537 1163 4638 quibus
1183 4543 1307 4637 signis
1327 4544 1656 4636 praecedentibus

214 4671 480 4763 responderet.
504 4668 583 4760 Qui
603 4668 676 4738 ait:
698 4669 761 4738 die
782 4667 983 4739 dominico
1010 4669 1192 4762 promum
1222 4671 1311 4760 post
1335 4667 1473 4738 horam
1505 4690 1652 4738 nonam

212 4799 307 4865 ante
340 4793 595 4886 sepulchrum
634 4791 886 4863 Benevenuti
926 4793 1105 4863 recedam
1136 4815 1160 4862 a
1188 4814 1350 4884 corpore
1379 4791 1572 4861 mulieris.
1603 4791 1656 4862 In

214 4917 312 4990 hora
340 4940 497 5011 quoque
526 4916 762 5011 egressionis
790 4939 903 4987 meae
932 4917 1088 4988 eoelum
1117 4917 1357 5007 turbabitur,
1378 4920 1418 4987 et
1437 4938 1485 4987 ex
1505 4938 1551 4986 eo
1571 4939 1658 5009 pro·

213 5043 355 5114 cedent
373 5041 533 5134 fulgura
555 5038 627 5139 [et]
657 5040 815 5133 pluviae
845 5063 890 5112 ac
915 5041 1094 5112 tonitrua
1122 5041 1376 5112 resonabunt.
1398 5037 1655 5111 Adveniente
