3902 5570
294 359 346 431 :tl
739 375 792 427 on
826 375 965 428 lauari»
999 375 1299 428 ousarusrro.

294 615 416 680 steret
445 607 705 701 insepultum,
735 607 840 677 tacto
879 611 972 676 roto
1009 605 1196 698 portavit.
1235 603 1462 676 Assisteute
1500 626 1594 674 vero
1632 603 1737 674 circa

294 753 436 825 corpus
466 731 614 802 invasit
642 753 732 802 cunr
763 730 893 801 arnius
922 729 1039 800 solito
1069 730 1232 798 morbus
1261 730 1344 822 ipse
1365 729 1433 816 ita,
1463 728 1567 821 quod
1613 727 1736 798 borri-

295 857 493 927 bilitatem
525 855 721 948 passionis
750 855 1008 949 quamplures
1037 853 1283 924 intuentium
1304 875 1385 924 non
1414 853 1588 924 ferentes
1607 852 1657 922 ab
1677 873 1736 921 ec·

296 981 415 1052 alesia
443 985 701 1052 recesserunt.
732 978 908 1050 Tandem
941 983 1075 1050 autem
1106 977 1261 1048 meritis
1289 977 1416 1048 sancti
1446 976 1569 1069 patris
1601 976 1737 1047 fratris

297 1105 351 1174 sic
386 1129 407 1174 a
443 1105 581 1174 morbo
619 1105 820 1197 praedicto
849 1127 948 1198 puer
979 1101 1113 1174 extitit
1141 1101 1346 1192 liberatos,
1376 1101 1482 1195 quod
1514 1123 1734 1195 numquam

297 1230 483 1322 deinceps
511 1229 625 1322 signa
653 1229 770 1299 solita
808 1229 937 1299 dictae
970 1227 1137 1300 senserit
1174 1227 1378 1320 passionis.
1414 1223 1586 1297 Addidit
1614 1226 1734 1297 etiam

297 1355 444 1425 roulier
473 1354 712 1448 supradicta,
742 1331 860 1447 qarod,
891 1377 979 1424 (uun
1011 1375 1130 1424 mane
1159 1353 1331 1446 quodam
1353 1355 1580 1445 surgentem
1609 1351 1736 1422 tilium

297 1479 460 1549 morbus
489 1477 620 1549 subito
649 1478 871 1565 invasisset,
893 1501 916 1547 a
944 1477 1101 1564 solari0,
1122 1476 1191 1547 ubi
1215 1476 1413 1568 jacuerat,
1434 1475 1473 1546 in
1505 1475 1735 1548 inferiorern

297 1603 460 1673 domurn
496 1602 776 1695 praecipitarit
809 1602 1017 1688 eumdom;
1048 1601 1163 1692 cujus
1191 1623 1285 1670 (raso
1315 1604 1443 1671 nrater
1462 1600 1625 1670 horrore
1655 1623 1738 1692 per-

298 1723 410 1798 cussa
439 1727 569 1820 coepit
598 1726 704 1797 illico
725 1726 863 1796 morbo
883 1725 1006 1796 simili
1027 1725 1220 1820 laborare,
1235 1724 1310 1819 ‘qui
1330 1731 1370 1795 et
1388 1724 1514 1818 ipsam
1537 1747 1606 1817 per
1625 1725 1739 1818 quin·

298 1852 519 1946 queunium
537 1851 819 1922 miserabiliter
838 1851 1028 1921 continue
1046 1843 1254 1944 fatigavit,
1275 1849 1447 1921 sedeam
1470 1850 1575 1920 eirca
1598 1871 1740 1943 corpus

298 1975 446 2064 fratris,
476 1975 579 2046 sicut
607 1975 702 2064 dixi,
732 1998 822 2046 (sirm
853 1973 937 2044 filio
966 1979 1229 2068 permaneret,
1255 1973 1372 2045 dictis
1400 1973 1463 2044 die
1492 1997 1537 2044 ac
1566 1973 1652 2075 loco
1682 1977 1738 2044 to-

299 2100 434 2170 taliter
465 2099 633 2170 liberata
662 2100 856 2170 recessit.¹

408 2225 464 2318 (s)
482 2223 587 2295 Item
611 2222 815 2294 soriani«
837 2224 1047 2316 «praedam,
1069 2245 1168 2294 uxor
1188 2221 1382 2294 Palmerii
1402 2224 1450 2293 de
1472 2222 1658 2312 Corneto,
1674 2223 1741 2314 ju-

300 2357 386 2420 rata
405 2349 518 2436 dixit,
540 2350 769 2441 quodcum
792 2371 860 2442 per
889 2349 1211 2442 quinquennium
1233 2349 1457 2441 passionem
1487 2347 1740 2442 epilepticam

299 2475 505 2546 tolerasset
533 2475 601 2559 ita,
632 2473 737 2566 quod
767 2475 1006 2568 quandoque
1036 2473 1076 2544 in
1107 2472 1255 2566 ignem,
1276 2495 1391 2566 saepe
1410 2467 1456 2572 (f.
1478 2469 1565 2572 45²)
1584 2495 1678 2544 vero
1698 2472 1740 2542 in

300 2623 458 2692 aquarn,
489 2621 805 2692 nonnumquam·
825 2598 946 2670 etiam
986 2598 1026 2668 in
1062 2620 1199 2670 mensa
1229 2599 1292 2668 vel
1326 2598 1502 2687 ccclesia,
1532 2599 1634 2670 lecto
1672 2621 1740 2670 sou

301 2724 388 2793 foro
418 2728 456 2794 ct
486 2724 525 2792 in
556 2723 699 2793 itinero
729 2722 988 2794 constitutam
1020 2722 1266 2794 horribiliter
1295 2721 1497 2812 allidebat,
1537 2723 1742 2794 intellecto

301 2847 473 2918 transitu
501 2847 637 2917 fratris
666 2845 918 2918 Benevenuti
955 2847 1133 2918 auctorit
1167 2847 1217 2918 ad
1250 2847 1396 2936 locum,
1427 2847 1495 2918 ubi
1527 2848 1615 2940 jam
1645 2847 1742 2918 cele·

191 3043 197 3054 ,
302 2973 440 3043 luatur
469 2973 589 3042 missa
618 2995 689 3065 pro
718 2972 854 3042 anima
878 2972 965 3064 jam
997 2972 1197 3059 ‹l‘ofoucti3
1228 2977 1267 3044 ct
1292 2995 1381 3042 cunr
1404 2973 1743 3066 appropinquaret

302 3097 352 3167 ad
381 3119 521 3190 corpus
552 3095 591 3166 in
622 3097 804 3189 proximo
834 3097 1130 3186 tunmlaudum,
1157 3097 1312 3167 audivit
1331 3119 1468 3168 rocem
1500 3097 1542 3168 in
1572 3119 1661 3170 aere
1687 3098 1742 3168 sic

302 3221 522 3291 dicentem:
563 3247 580 3287 a
611 3219 718 3290 Dior
751 3217 933 3309 sanctus,
974 3216 1156 3308 Sanctus,
1188 3217 1370 3306 Sanctus,
1400 3226 1439 3292 et
1467 3223 1611 3312 cetera,
1641 3243 1742 3315 quae

303 3349 577 3437 sequuntur.»
612 3341 701 3433 Quo
730 3345 867 3414 audito
896 3343 1009 3416 flexis
1037 3344 1205 3438 genibus
1238 3345 1502 3438 apprehendit
1536 3345 1743 3417 humiliter

301 3469 420 3562 pedes
449 3469 536 3560 ejus
565 3471 718 3539 attente
747 3469 975 3562 supplicans
1004 3472 1043 3539 et
1071 3469 1225 3557 devote,
1257 3472 1301 3539 ut
1330 3491 1400 3563 pro
1430 3493 1470 3542 se
1499 3469 1632 3541 Deum
1664 3469 1743 3540 effi-

302 3593 447 3663 cacitm·
476 3597 669 3663 exoraret.
701 3590 851 3663 Orautc
881 3593 967 3685 ipsa
995 3593 1125 3686 coepit
1145 3594 1307 3664 morbus
1326 3594 1488 3684 gravius
1507 3617 1595 3666 eam
1626 3594 1742 3666 solito

234 3711 239 3720 ’
301 3717 514 3788 molestare
557 3716 726 3787 allidens
771 3739 858 3787 eron
900 3717 1035 3788 taliter
1072 3721 1111 3788 et
1148 3717 1395 3812 discerpens,
1435 3719 1541 3812 quod
1583 3723 1744 3813 propter

302 3842 507 3912 horrorem
538 3841 708 3912 nimium
732 3841 894 3934 quidam
925 3841 1171 3912 adstantium
1202 3843 1252 3913 ab
1281 3843 1446 3914 ccclesia
1483 3849 1742 3916 recesserunt.

303 3966 492 4038 Cessante
522 3969 658 4036 tamen
687 3967 940 4058 postmodum
972 3966 1153 4059 passione
1195 3968 1368 4039 surrexit
1396 3969 1542 4058 mulier
1566 3969 1616 4040 ab
1636 3968 1744 4040 iufir-

301 4091 443 4161 rnitate
472 4112 542 4160 sua
572 4090 801 4183 plenissime
831 4089 1011 4162 liberata.
1043 4090 1159 4183 Quod
1188 4115 1277 4162 curn
1309 4092 1554 4165 habitatores
1579 4093 1744 4167 Gorneti

259 4263 264 4270 ·
302 4214 593 4308 cognovissent,
623 4214 673 4284 ad
710 4213 842 4285 locum
882 4214 1055 4284 fratrom
1094 4219 1206 4307 parte
1242 4216 1419 4288 maxima
1456 4223 1746 4290 concurrerunt

302 4347 342 4410 ot
370 4337 526 4408 sublato
556 4359 718 4429 corpore
746 4337 843 4408 dicti
872 4337 1009 4409 fratris
1043 4339 1356 4412 reclamantibus
1381 4339 1605 4438 [fratribus]
1635 4323 1745 4414 dctu-

302 4464 440 4534 lcrunt
468 4462 517 4532 ad
547 4461 752 4533 ecclesiam
783 4463 909 4533 sarroti
940 4461 1054 4534 Petri
1096 4464 1196 4534 illud
1226 4487 1317 4536 cum
1357 4467 1583 4538 reverentia
1610 4468 1746 4540 debita

304 4587 545 4658 tumulandi.
560 4585 570 4621 ²

411 4895 482 4949 ¹01.
505 4897 576 4949 Acta
595 4896 658 4958 NS„
682 4895 701 4947 l.
724 4911 748 4948 c.
771 4911 800 4948 n.
822 4901 838 4944 a·
857 4895 885 4964 (a
899 4895 1050 4962 Stillantia
1063 4901 1101 4962 ›>).

410 4984 482 5038 ”Ct
504 4984 575 5038 Acta
594 4985 657 5049 SR,
680 4984 698 5037 l.
721 4999 745 5037 c.
769 5001 797 5038 u.
819 4991 844 5038 tl.
866 4985 894 5054 (a
908 4984 1044 5041 Salubria
1058 4992 1095 5054 a).
