3880 5568
271 377 350 450 114
696 399 753 450 nn
785 397 1031 454 rrsrorunus
1062 401 1284 454 urrunnun.

269 656 364 728 prae
384 636 580 730 gravitate
599 635 740 730 proelii
759 639 799 708 et
814 637 971 708 timoris
990 637 1137 708 inertia
1156 660 1268 708 arma
1288 637 1481 730 projicere
1500 660 1546 710 ae
1564 637 1712 730 scipsos

271 757 378 830 ultro
416 759 596 832 hostibus
634 761 874 856 mancipare,
908 753 1157 852 abnndantia
1193 761 1352 856 pietatis
1389 767 1429 832 et
1465 762 1617 856 gratiae
1652 763 1712 833 fn-

269 883 423 978 gientes
452 889 610 956 revocat
638 890 678 957 et
705 886 999 978 quodammodo
1037 907 1167 956 seeum
1195 889 1298 956 stare
1335 885 1551 979 compellit,
1583 891 1627 956 ut
1655 887 1711 956 ita

268 1007 452 1098 dixerim,
483 1007 546 1080 vel
574 1009 734 1080 invitos.

377 1131 558 1228 Contigit
585 1154 759 1227 namque
788 1133 953 1204 fratrem
983 1133 1210 1226 quemdam,
1229 1133 1257 1206 J
1262 1153 1445 1205 (raanan
1466 1134 1642 1223 nomine,
1662 1133 1710 1206 de

269 1257 478 1352 Fulginec,
495 1257 599 1351 apud
615 1257 747 1328 locum
763 1257 890 1328 saneti
907 1255 1137 1329 Terentiani
1149 1258 1270 1352 juxta
1282 1263 1458 1330 montem
1477 1255 1706 1352 Seiraptim¹

268 1405 416 1477 magna
426 1383 606 1455 diutinae
617 1381 1041 1474 tentationisangnstia
1050 1383 1210 1478 fatigari
1227 1383 1296 1472 ita,
1312 1383 1417 1477 quod
1435 1405 1528 1478 prae
1544 1387 1709 1477 urgente

268 1506 433 1578 stimulo
461 1507 696 1579 tentationis
724 1506 916 1600 cogitaret
944 1507 1072 1580 modis
1091 1507 1278 1579 erunibus
1297 1508 1347 1578 ad
1366 1507 1561 1580 desideria
1580 1529 1710 1578 saecu·

268 1627 368 1699 laria
397 1628 573 1700 retroire.
604 1627 787 1722 Cumque
815 1627 879 1699 die
908 1629 1078 1722 quadam
1109 1629 1342 1700 tentationis
1376 1630 1570 1700 instantia
1597 1651 1709 1722 snpe-

268 1757 378 1824 ratus
415 1753 646 1848 arripuisset
683 1753 770 1838 iter,
809 1757 854 1823 ut
892 1750 1131 1847 Fulgineum
1172 1753 1400 1848 applicaret,
1440 1753 1622 1847 pervenit
1659 1751 1709 1822 ad

266 1879 441 1948 castrum
472 1875 656 1967 Maliani,
676 1877 782 1970 qnod
804 1878 926 1970 juxta
953 1877 1103 1950 flumen
1132 1861 1309 1950 dietum²
1340 1877 1494 1949 Tiberis
1522 1877 1710 1948 imminet

268 2000 363 2071 valli
402 2023 583 2095 rnagnae.
614 2001 866 2073 Constitutus
899 2003 1022 2094 igitur
1049 2025 1167 2096 super
1195 2002 1454 2095 collemque
1483 2003 1530 2074 ad
1561 2001 1706 2072 railem

266 2124 446 2196 tenditur
474 2129 750 2212 memoratam,
781 2125 825 2218 (t'.
848 2121 963 2218 142⁰)
984 2127 1167 2219 respexit,
1189 2131 1228 2198 et
1248 2147 1336 2196 eece
1355 2125 1471 2196 vallis
1491 2131 1575 2196 tota
1595 2123 1706 2218 qnasi

266 2248 376 2320 lacus
404 2249 566 2342 quidam
588 2249 730 2342 plenus
749 2251 942 2344 sanguine
962 2251 1193 2342 videbatur;
1224 2271 1340 2344 super
1359 2271 1438 2344 quo
1462 2249 1708 2342 stupefactus
1753 2232 1761 2246 ’

265 2374 390 2445 frater
409 2373 667 2445 vehementer
694 2375 894 2464 extimuit,
924 2397 997 2446 nec
1025 2351 1189 2446 omnino
1219 2375 1326 2447 ultra
1353 2373 1522 2446 transire
1552 2395 1706 2465 praesn-

249 2517 380 2569 ·mens
412 2498 582 2592 projecit
609 2520 650 2569 se
678 2498 786 2568 illico
814 2519 931 2591 snper
960 2503 1120 2570 terram.
1159 2497 1321 2570 Fratres
1361 2482 1470 2569 vero⁴
1494 2497 1569 2568 loci
1599 2495 1707 2566 illius

265 2621 416 2693 exitum
448 2622 735 2714 perpendentes
767 2623 938 2694 orationi
976 2622 1159 2716 protinus
1196 2644 1236 2693 se
1273 2623 1468 2694 dederunt
1502 2620 1707 2692 mittentes

265 2746 376 2833 (inec,
397 2745 465 2838 qui
495 2767 703 2816 erroneum
736 2751 979 2834 revocarent,
1013 2745 1045 2818 si
1079 2769 1158 2840 quo
1187 2746 1305 2817 modo
1325 2744 1527 2816 Dominus
1556 2744 1706 2816 miseri-

265 2867 437 2940 corditer
456 2869 491 2963 ej
499 2891 543 2940 us
562 2869 743 2940 animum
774 2870 980 2964 tetigisset.
1010 2869 1274 2964 Insequentes
1293 2869 1416 2961 igitur
1436 2869 1706 2962 praecedentis

265 2985 434 3086 uestigia
453 2992 690 3064 festinanter
709 2993 896 3066 viderunt
916 3017 1005 3066 eum
1028 2994 1260 3088 superdicti
1289 2993 1401 3064 collis
1429 2991 1617 3064 verticem
1648 3013 1706 3062 so-

264 3115 442 3188 litarium
464 3117 697 3190 consedisse.
720 3116 988 3190 Aecum-entes
1008 3123 1141 3190 autem
1162 3119 1211 3190 ad
1232 3140 1322 3190 eum
1345 3117 1505 3212 injectis
1519 3116 1706 3188 manibus

264 3241 477 3335 profugum
499 3241 732 3314 detinebant
759 3247 800 3314 et
822 3244 872 3315 ad
892 3243 1038 3332 locum,
1058 3244 1106 3314 de
1126 3266 1205 3337 quo
1224 3243 1386 3332 exierat,
1407 3242 1591 3314 eumdem
1612 3263 1704 3314 cum

263 3365 406 3460 gaudio
435 3367 698 3454 reduxerunt3
737 3367 807 3461 qui
845 3368 1054 3439 confestim
1086 3367 1345 3462 poenitudine
1366 3368 1516 3438 ,duetus
1544 3366 1701 3459 culpam

264 3511 375 3560 suam
407 3489 613 3566 humiliter
642 3491 844 3564 confessus
872 3495 931 3564 est
958 3499 1009 3580 et,
1039 3493 1211 3587 qualiter
1229 3515 1321 3564 eum
1352 3490 1553 3562 Dominus
1581 3495 1705 3562 euter-

264 3617 410 3704 ruerat‚
439 3615 717 3707 perordinem
747 3616 938 3688 fratribus
966 3615 1209 3690 nuntiavit.³
1257 3637 1260 3642 ’

372 3737 552 3810 Arrdttcr.
582 3738 702 3812 Patet
729 3745 847 3828 certe,
864 3745 1015 3835 quanta
1042 3742 1280 3836 benignitas,
1309 3747 1460 3836 qrranta
1488 3744 1632 3816 caritas
1660 3744 1702 3814 in

262 3861 453 3933 fratribus
481 3841 871 3956 extitit'primitivis,
891 3865 960 3959 qui
980 3889 1060 3938 non
1090 3865 1218 3938 solum
1248 3867 1443 3940 consolari
1472 3867 1612 3961 spiritu
1636 3869 1702 3939 tri-

263 3985 432 4076 bulatos,
453 4005 592 4058 verum
613 3989 734 4059 etiam
755 3991 1025 4062 tentationum
1055 3991 1228 4084 pendere
1257 3991 1483 4085 desperatos
1511 3993 1704 4065 orationis

262 4109 456 4182 instantia
483 4133 679 4202 revocare,
709 4116 952 4186 revertentes
980 4137 1137 4209 quoque
1161 4116 1206 4192 in
1237 4116 1378 4208 spiritu
1405 4114 1587 4216 (f.143²·)
1606 4117 1703 4188 leni-

263 4234 357 4306 tatis
385 4235 582 4328 suscipere
610 4237 861 4335 studuerunt.

369 4577 378 4602 ²
397 4565 533 4622 Pisanus
553 4568 732 4638 «syraptim
746 4587 771 4622 a.

368 4660 377 4688 ¹
398 4653 496 4710 Codex
516 4657 658 4724 «sieut».

367 4743 603 4800 ³Bsnruocon.
635 4746 770 4802 luamus
795 4747 815 4802 l.
842 4764 868 4802 e.
894 4750 928 4801 ir.
952 4765 993 4816 rx,
1014 4765 1086 4819 p..n
1112 4749 1169 4820 (ed.
1199 4765 1219 4804 r.
1240 4750 1290 4803 fol.
1312 4755 1383 4818 our)
1403 4751 1486 4806 brevi
1506 4752 1582 4808 idem
1603 4755 1700 4822 refert,

261 4831 348 4898 cuius
371 4833 461 4886 verba
479 4833 531 4887 rix
550 4839 664 4890 munta
684 4836 788 4904 repetit
806 4837 964 4905 Speculum
989 4837 1073 4902 vitae,
1101 4839 1150 4894 iol.
1172 4838 1250 4893 220¹·.
1272 4839 1472 4897 ii'nnumnus
1499 4841 1537 4896 ad
1561 4858 1610 4896 an.
1633 4843 1702 4896 1220

261 4933 290 4972 n.
313 4935 420 4987 xxxix,
440 4921 519 4976 idem
543 4922 610 4976 aliis
630 4925 728 4978 verbis
756 4931 871 4992 narrat3
897 4927 1003 4996 incipit
1030 4927 1147 4982 «Idem
1175 4927 1363 4984 crescentius
1387 4935 1558 4986 auctorest
1582 4935 1701 4988 fratrem

261 5007 406 5064 Joannem
422 5029 447 5064 a.
1421 5021 1425 5030 '
