3902 5570
661 461 718 512 nn
752 460 891 514 urrn'ro
924 461 1226 515 nnnrrruxrro.
1610 443 1659 514 n

215 690 400 782 geniculo
429 691 564 763 taliter
592 697 652 762 est
690 713 884 784 permissa,
915 693 1021 786 quod
1050 714 1117 784 pes
1149 695 1288 764 dexter
1316 717 1339 763 a
1367 695 1446 764 situ
1485 695 1661 766 naturali

212 838 305 886 enm
334 815 434 886 tibia
471 816 663 888 distortus
691 821 762 902 est,
792 821 831 887 et
850 817 995 887 cadens
1029 817 1238 889 interram
1269 839 1359 888 cum
1399 818 1660 911 poenitudine

213 937 390 1010 maxima
420 939 712 1032 proclamabat:
748 969 765 1008 a
797 938 944 1012 Sancte
984 939 1256 1027 Benevenute‚
1286 942 1433 1036 adJura
1463 964 1527 1012 me
1556 943 1661 1034 apud

214 1060 369 1133 Deum!
401 1065 506 1158 quod
536 1065 567 1135 si
598 1065 699 1134 milri
728 1065 915 1138 misertus
944 1065 1071 1136 fueris
1092 1065 1132 1135 in
1163 1066 1238 1136 hac
1266 1073 1390 1158 parte,
1420 1066 1530 1136 omni
1552 1073 1662 1136 sexta

216 1187 315 1257 teria
344 1187 386 1257 in
417 1211 518 1280 parre
560 1194 599 1260 et
628 1211 752 1282 aqua,
781 1191 879 1262 dum
919 1191 1067 1279 vixero,
1092 1189 1343 1282 ‚jejunaboo
1377 1189 1502 1260 Facto
1540 1189 1663 1280 igitur

217 1316 309 1382 roto
352 1333 419 1404 pes
456 1313 647 1384 distortus
684 1315 733 1385 ad
762 1314 893 1386 locum
934 1314 1113 1387 debiturn
1152 1321 1211 1384 est
1248 1335 1440 1402 reversus,
1477 1319 1517 1385 et
1559 1337 1662 1384 rece-

185 1436 346 1548 dente
364 1435 498 1508 dolore
531 1438 704 1532 geniculi
726 1440 889 1510 sanitati
919 1440 1073 1512 reddita
1103 1439 1235 1510 Deum
1258 1439 1427 1510 laudans
1460 1437 1660 1510 abscessit.

430 1684 628 1780 (Sep-nitar
655 1687 850 1778 (dialogum
873 1689 1002 1780 pergit
1031 1694 1215 1758 narrator
1233 1685 1311 1782 fol.
1343 1691 1447 1776 557:

326 1934 383 2006 De
412 1936 533 2008 (ucria
562 1942 597 2005 rt
624 1935 764 2006 annila.
784 1930 873 2033 (20)
892 1933 1070 2005 „lracrnln
1096 1937 1144 2006 de
1173 1934 1362 2022 lnrsiano,
1394 1958 1494 2005 uxor
1524 1933 1661 2006 Resse-

218 2059 366 2148 mandi,
381 2060 521 2150 jurata
540 2060 735 2153 deposuit,
756 2060 874 2152 quod,
895 2082 986 2130 cum
1007 2081 1077 2152 per
1097 2059 1316 2130 triennium
1338 2059 1484 2152 albugo
1513 2060 1661 2130 densis-

216 2183 318 2254 sinra
347 2189 563 2276 utriunque
583 2183 839 2255 sibi'oenlurn
859 2190 1099 2278 occupasset,
1121 2185 1341 2256 intantum
1364 2185 1556 2256 caecitate
1577 2207 1662 2278 per·

215 2329 330 2380 cussa
349 2313 419 2397 est,
441 2309 546 2401 quod
566 2331 646 2378 non
668 2309 745 2380 nisi
766 2311 887 2380 ducta
910 2309 1169 2403 praeambulo
1199 2309 1400 2380 ullatenus
1429 2314 1584 2402 poterat
1621 2299 1661 2380 se

216 2455 387 2504 morere.
406 2433 508 2505 Cum
530 2439 664 2504 autern
685 2433 822 2505 fratris
843 2433 1094 2505 Benevenuti
1111 2456 1253 2527 corpus
1267 2433 1397 2505 adhuc
1413 2434 1659 2527 insepultum

214 2559 413 2647 existeret,
429 2559 549 2628 ducta
569 2563 629 2629 cst
643 2581 666 2628 a
681 2559 988 2652 consanguineis
1008 2563 1048 2630 et
1066 2558 1207 2629 anricis
1227 2559 1275 2629 ad
1297 2581 1439 2652 eorpus
1454 2563 1495 2630 et
1510 2558 1658 2629 ibidem

215 2683 257 2753 in
287 2684 466 2755 oratione
488 2688 724 2776 pernoctans
754 2683 865 2754 llcrit
894 2683 1058 2777 largiter
1085 2691 1125 2755 et
1153 2684 1304 2771 orabat,
1333 2689 1378 2754 ut
1406 2707 1492 2755 earn
1523 2683 1661 2776 digna·

172 2885 177 2896 ,
215 2812 325 2877 retur
345 2807 425 2878 suis
444 2807 600 2878 meritis
628 2806 809 2879 liberare.
841 2805 963 2878 Mane
983 2813 1115 2879 autern
1145 2809 1252 2878 sacto
1272 2807 1547 2900 experimento
1576 2829 1660 2878 sen-

215 2931 322 3002 sibili
354 2931 479 3002 risum
511 2937 570 3002 est
599 2931 786 3002 omnibus
811 2932 1041 3024 albuginem
1072 2933 1220 3002 dictam
1251 2931 1301 3002 ab
1330 2931 1455 3002 oeulis
1484 2955 1575 3003 cum
1606 2932 1660 3002 la-

214 3056 351 3126 crimis
389 3055 579 3142 emisisse,
619 3078 697 3148 qua
734 3056 785 3126 ab
822 3055 948 3126 oeulis
977 3055 1214 3142 discedente,
1258 3055 1394 3126 statim
1430 3055 1660 3127 illuminata

215 3181 387 3250 surrexit
415 3185 455 3250 et
483 3179 631 3274 absque
659 3181 842 3250 ducentis
871 3179 1058 3273 suffragio
1087 3181 1135 3250 ad
1165 3180 1325 3273 propria
1354 3181 1559 3250 remearit.

321 3300 367 3401 (f.
381 3301 466 3404 sur)
480 3298 569 3401 (21)
585 3303 750 3392 Dactus,
767 3304 882 3374 miles
902 3304 1154 3374 conestabilis
1170 3303 1347 3390 Oorneti‚
1362 3304 1524 3396 juratus
1543 3305 1657 3388 dixit,

214 3431 332 3522 quod,
363 3453 452 3500 curn
484 3430 645 3522 quidam
686 3427 834 3498 liliolus
871 3429 970 3520 ejus,
1002 3429 1164 3500 nomine
1195 3426 1420 3520 Sassuram,
1451 3427 1657 3499 oculorum

215 3554 505 3645 aegritudinem
537 3553 779 3642 incurrisset,
810 3575 880 3646 per
908 3577 975 3624 sex
1005 3575 1159 3625 menses
1186 3553 1340 3628 lumine
1369 3557 1428 3623 cst
1456 3552 1657 3646 privatus3

213 3679 318 3748 circa
362 3679 480 3748 finem
525 3683 658 3749 antem
705 3679 853 3748 mensis
895 3679 994 3748 sexti
1034 3679 1145 3750 vovit
1173 3681 1284 3771 pater
1313 3677 1448 3770 ipsius,
1478 3678 1595 3770 qnod,
1625 3678 1657 3748 si

215 3801 417 3873 Dominus
429 3794 532 3873 'dicti
549 3803 684 3874 t'ratris
705 3803 859 3874 meritis
879 3802 1127 3873 illuminaret
1146 3803 1344 3888 eumdem,
1366 3801 1525 3871 sufferret
1539 3801 1657 3872 eccle-

215 3927 295 3998 siae
333 3927 458 3998 sancti
500 3925 611 3997 Petri
651 3949 721 4020 pro
764 3927 969 4020 portandis
1012 3925 1208 4018 lapidibus
1236 3927 1356 3996 lmres
1393 3926 1503 3996 duos.
1535 3925 1657 3995 Facto

215 4051 337 4145 igitur
366 4060 458 4123 roto
486 4051 581 4122 fecit
610 4075 776 4144 puerum
809 4073 926 4146 snper
954 4051 1090 4122 fratris
1123 4050 1324 4121 tunmlum
1361 4049 1559 4138 collocari,
1590 4051 1656 4120 ubi

214 4178 320 4246 infra
350 4181 438 4246 octo
467 4177 622 4256 dierum
653 4177 824 4270 spatium
857 4176 993 4246 lumen
1023 4176 1220 4268 perditum
1254 4175 1460 4268 reaccepit.

320 4294 408 4397 (22)
452 4300 656 4385 l'currclln,
690 4299 851 4392 Rogerii
882 4299 1066 4369 Fornarii
1088 4299 1183 4386 tilia,
1204 4299 1365 4369 ocinum
1387 4299 1570 4370 dextrum
1593 4301 1657 4369 dc·

212 4426 426 4495 secndente
456 4425 664 4494 rlreurnatc
693 4424 828 4494 taliter
857 4423 1000 4493 babuit
1029 4432 1278 4517 ocmrpatrnn,
1308 4423 1414 4517 quod
1444 4429 1656 4516 utramque

214 4547 443 4642 palpebram
484 4549 614 4618 carnis
642 4548 817 4618 frustum
846 4548 1046 4639 operuisse
1075 4547 1253 4617 totaliter
1282 4547 1503 4632 riderctnr3
1534 4569 1653 4640 quarn

176 4723 179 4732 .
213 4680 342 4743 nrater
379 4673 464 4743 eius
494 4671 618 4766 [cum]
658 4673 707 4742 ad
737 4671 990 4765 sepulchrum
1021 4671 1157 4742 fratris
1192 4669 1443 4742 Benevenuti
1473 4671 1656 4741 sanitatis

212 4797 340 4890 gratia
361 4795 586 4866 deduxisset
606 4801 646 4866 et
666 4795 845 4866 eamdem
868 4818 937 4888 per
957 4795 1190 4866 continuum
1214 4794 1392 4865 triduum
1423 4794 1656 4864 ‹tristodisset

214 4920 375 5009 ibidem,
397 4921 616 4990 corrfricato
645 4921 708 4990 dic
739 4920 857 4990 tertio
887 4921 1000 4990 oculo
1021 4919 1260 5014 supradicto,
1281 4918 1384 4989 dixit
1403 4919 1522 4988 matri
1544 4941 1653 4988 suae:

215 5073 232 5109 a<
256 5041 406 5114 Mater!
437 5066 524 5114 ecce
544 5045 592 5115 de
613 5044 727 5114 riculo
756 5066 845 5115 sum
866 5049 1015 5134 curata,
1036 5044 1131 5138 quia
1150 5045 1280 5114 carnis
1300 5043 1531 5131 frustulum,
1548 5042 1654 5135 quod
