3880 5568
665 462 721 512 nn
751 461 923 514 raanan
953 461 1192 516 nrrnrrano.
1599 444 1647 515 73

202 687 426 782 gnituninis
443 691 620 761 revelare
636 695 674 761 et
689 691 869 762 confiteri
892 691 1168 782 honorificum,
1184 694 1193 728 ¹
1214 693 1327 764 valde
1342 697 1490 780 tamen,
1506 693 1646 780 t'atcor,

202 811 427 884 sollicitudo
465 817 536 885 tua
563 835 627 884 mc
655 809 800 912 (tlibi)
829 822 1018 908 provocat
1046 821 1085 886 et
1113 816 1274 887 auditus
1306 816 1476 887 attentio
1505 815 1647 886 incitat

201 933 245 1004 in
278 935 464 1029 idipsum.
496 935 627 1026 Unde,
657 938 759 1007 sient
788 937 976 1030 postulas,
1006 938 1104 1009 libet
1132 939 1263 1010 adimo
1290 938 1528 1032 supradietis
1549 938 1646 1030 adji-

201 1078 289 1128 cere
318 1059 487 1130 fratrum
519 1065 630 1152 gesta
658 1060 936 1152 quorumdam,
959 1065 1003 1131 nt
1023 1061 1183 1132 divinae
1207 1061 1337 1139 laudis
1370 1083 1490 1154 opera
1507 1061 1648 1154 lingua

200 1179 294 1252 licet
331 1181 519 1276 imperita
553 1181 736 1254 fidelibus
791 1189 975 1254 enarrata
1018 1184 1240 1257 devotionis
1282 1167 1481 1277 accipiant
1523 1184 1647 1254 incre-

202 1311 397 1378 mentum.
429 1307 542 1380 Licet
570 1313 703 1380 antem
736 1309 853 1402 longe
881 1309 1040 1402 lateque
1078 1311 1351 1404 constupenda
1389 1312 1542 1383 cunctis
1577 1333 1647 1403 por

187 1431 278 1509 ¹Dei
308 1455 452 1519 serres,
482 1435 626 1506 fratres
657 1439 822 1524 nostros,
853 1437 1000 1507 indicia
1027 1436 1216 1508 fulserint
1239 1437 1481 1518 sanctitatis,
1507 1458 1644 1508 eornm

199 1567 335 1631 tamen
365 1563 552 1652 maxime,
583 1585 683 1654 qnae
713 1562 753 1632 in
783 1563 964 1656 partibus
983 1562 1129 1634 Italiae
1158 1569 1385 1656 perpetrata
1412 1567 1645 1650 noscuntur,

199 1686 307 1758 subit
334 1687 515 1759 arrinmm
546 1689 716 1758 fornram
762 1688 1025 1784 perstringere
1055 1693 1095 1760 et
1123 1712 1146 1758 a
1179 1689 1308 1760 multo
1340 1690 1426 1783 jam
1467 1692 1645 1782 tempore

200 1810 445 1902 negligentia
474 1812 644 1904 quadam
676 1811 895 1904 cognitioni
931 1812 1108 1884 tidelim‘n
1152 1814 1350 1885 occultata
1379 1815 1431 1884 all
1458 1813 1645 1885 notitiam

199 1937 382 2008 onnrimn
414 1943 629 2030 praeeunte
657 1937 737 2008 Dei
766 1939 894 2032 gratia
923 1939 1016 2011 stilo
1045 1941 1237 2010 deducere
1267 1941 1437 2011 certiori.

331 2257 398 2327 lla
428 2277 601 2328 rarrnn
632 2257 868 2330 (lamnam)
898 2278 974 2342 orn
1004 2276 1263 2342 rrrronrnsorr
1295 2257 1508 2330 Arrxrmfi'

307 2559 406 2630 Erat
434 2546 608 2653 namque
637 2561 817 2631 sacerdos
845 2561 893 2631 (le
924 2559 1198 2654 Rornagnolae
1232 2562 1411 2654 partibus
1439 2563 1643 2650 oriundus,

199 2683 362 2753 nomine
379 2681 652 2770 tirra'rmxus,
669 2683 737 2776 qni
754 2683 879 2754 mirae
895 2683 1164 2777 simplicitatis
1180 2683 1309 2755 cultor
1328 2686 1500 2756 existens
1520 2686 1644 2756 admi-

199 2809 324 2878 randa
339 2808 505 2879 saeculis
516 2791 707 2880 omnibus
722 2831 852 2902 opera,
869 2810 964 2880 ‹lmn
982 2809 1111 2880 adhuc
1127 2809 1293 2898 vireret,
1310 2815 1470 2881 auctore
1482 2811 1644 2883 Christo

120 2999 123 3006 .
200 2931 456 3024 perpetrarit.

305 3049 368 3155 (1)
388 3054 492 3126 Nam
514 3079 603 3126 cnm
626 3056 773 3126 mulier
801 3057 995 3149 quaedam
1016 3055 1246 3127 decivitate
1267 3055 1450 3128 .-bo·1·oo·³
1479 3059 1644 3131 alterins

198 3181 302 3251 ocrrli
321 3180 473 3250 lmnine
488 3180 681 3251 ‹lestitnta
700 3179 884 3251 sanitatis
903 3181 1031 3272 gratia
1051 3181 1223 3252 venisset
1243 3181 1293 3252 ad
1313 3181 1444 3252 rirmn
1468 3181 1558 3272 Dei,
1575 3184 1644 3254 lln-

198 3305 313 3376 cebat
329 3305 455 3376 tilium
475 3305 683 3397 utriusque
703 3304 808 3375 oculi
829 3304 917 3375 lnce
937 3303 1138 3396 privatum
1160 3305 1392 3399 rogavitque
1412 3307 1644 3401 suppliciter

198 3453 332 3500 coram
353 3428 504 3516 multia,
527 3434 673 3500 uttam
696 3429 770 3499 sibi
791 3451 911 3522 qnam
933 3426 1017 3498 filio
1037 3428 1193 3521 signum
1217 3430 1345 3500 crucis
1364 3453 1482 3524 super
1509 3432 1643 3504 oculos

198 3555 461 3649 consignaret.
491 3549 637 3653 (fan)
665 3553 806 3624 Frater
834 3557 967 3624 autem
1000 3553 1217 3624 Gratianus
1255 3555 1510 3648 simplicitate
1543 3580 1643 3650 pnra

198 3665 334 3754 etoile
355 3681 474 3774 plena
502 3681 692 3772 processit
720 3681 770 3750 ad
799 3680 975 3750 medinm
997 3680 1098 3750 etin
1119 3685 1333 3773 conspeetu
1358 3683 1553 3774 emnium,
1574 3686 1642 3778 qni

197 3807 423 3894 adstabant,
454 3805 557 3876 sicut
577 3804 747 3896 petierat
766 3804 924 3888 mulier,
946 3805 1152 3899 utriusque
1182 3805 1307 3875 oculis
1336 3807 1494 3900 signum
1516 3809 1643 3880 crucis

197 3931 415 4024 impressit:
447 3952 526 4023 quo
554 3930 661 4000 facto
690 3933 819 3999 mater
838 3934 878 3999 et
897 3929 1004 4001 tilius
1024 3931 1081 4032 all
1094 3931 1253 4023 propria
1277 3935 1520 4002 revertentes
1544 3933 1642 4003 desi-

197 4055 334 4127 (lerata
362 4054 489 4125 salute
518 4053 637 4146 potiti
672 4058 766 4124 sunt
794 4057 834 4124 ct
862 4051 951 4123 lico
989 4054 1125 4126 landes
1162 4055 1316 4124 debitas
1354 4055 1640 4148 persolrernnt.

199 4239 794 4256 ——q———p--..
828 4240 837 4245 -
889 4239 1022 4244 .-....,--.
1067 4239 1132 4244 .--

304 4362 440 4416 ²Tobias
461 4362 505 4428 12,
527 4360 552 4414 ῖ.

306 4463 315 4490 ²
336 4451 380 4506 De
399 4453 461 4520 ipso
482 4452 643 4504 errnor..
667 4450 729 4503 l’rs.
750 4449 860 4518 agittr.
877 4465 945 4504 rm.
967 4465 995 4518 p.
1019 4464 1054 4514 11,
1075 4449 1120 4502 De
1139 4450 1293 4518 provincia
1313 4449 1471 4520 Marabina,
1494 4452 1590 4508 Locus
1606 4456 1642 4510 de

197 4541 331 4606 Ausim0,
352 4539 404 4608 qui
423 4539 523 4593 omnia
542 4540 602 4592 tere
620 4538 657 4592 etl
671 4538 794 4591 verbum
809 4551 847 4590 ex
860 4536 978 4606 dialogo
992 4539 1090 4590 nostro
1104 4535 1278 4605 desumpsit.
1300 4537 1387 4591 Dicta
1407 4538 1508 4593 Pisani
1521 4543 1642 4596 mutatis

197 4629 295 4682 verbis
309 4628 415 4696 repetit
429 4627 560 4680 blancus
575 4627 631 4678 l'r..
648 4626 666 4678 l.
682 4641 707 4678 c.
723 4642 751 4695 p.
774 4641 807 4680 rr.
825 4625 875 4678 lib.
893 4641 947 4678 rn.
964 4641 1027 4694 cap.
1044 4624 1105 4678 2et
1118 4625 1319 4678 ll'mmrxcrs
1332 4625 1369 4678 ad
1383 4641 1431 4680 an.
1449 4627 1515 4681 1241
1530 4644 1560 4682 n.
1577 4645 1639 4683 xxr.

198 4717 469 4780 rosas-names,
491 4715 509 4768 l.
532 4731 557 4768 c.
580 4715 628 4768 t'ol.
651 4715 720 4768 lom⁸
740 4715 841 4783 aliqua
861 4729 898 4768 ex
918 4713 1036 4784 dialogo
1065 4719 1177 4780 narrat,
1204 4713 1313 4781 quibus
1336 4730 1489 4784 perperam
1512 4718 1640 4773 addidit:

199 4805 387 4860 «Gratianus
407 4804 439 4858 B.
461 4803 580 4874 Aegidii
600 4804 802 4872 discipulus».
825 4803 944 4857 Marcus
964 4797 1012 4856 lli.
1034 4803 1108 4857 t'also
1126 4803 1225 4872 ipsum
1246 4803 1357 4858 vixisse
1376 4804 1448 4859 dicit
1461 4808 1641 4876 temporibus

197 4894 359 4949 Clementis
377 4894 413 4962 l',
434 4895 486 4962 qui
506 4909 586 4947 error
605 4893 730 4946 babetur
749 4895 860 4961 pariter
879 4891 960 4960 apud
979 4889 1157 4946 An'rnrnrn
1179 4892 1198 4945 l.
1221 4907 1246 4945 e.
1268 4907 1336 4961 pag.
1358 4894 1409 4944 aas
1428 4893 1466 4963 (1.
1489 4895 1575 4964 dec),
1590 4898 1640 4950 ubi

196 4984 285 5038 dicit:
306 4983 475 5037 «Florebat
493 4998 571 5036 anno
593 4981 661 5035 1305
675 4999 700 5034 e.

304 5073 395 5128 ἢΡιε,
417 5077 447 5126 et
466 5072 579 5126 ll'ann.
601 5090 617 5122 c
630 5070 754 5124 Amorni
767 5087 793 5136 ›>;
817 5069 917 5126 Mans.
941 5071 997 5125 l'r..
1020 5091 1036 5124 <‹
1050 5072 1086 5126 ds
1106 5071 1196 5126 Narni
1211 5091 1236 5126 e.
