3880 5568
287 388 336 460 52
595 409 652 460 on
682 407 855 459 ruxrnu
884 405 1108 458 airrumsro
1138 407 1422 460 uassaxnxsr.

286 647 418 713 autem
460 640 589 710 virilis
625 639 768 710 aetatis
797 645 930 732 portas
972 636 1214 709 Ambrosius
1257 639 1460 710 introisset
1488 644 1528 710 et
1556 639 1734 711 arriden-

287 765 394 836 tibus
414 763 610 858 prosperis
631 766 884 856 praeparatos
913 761 988 832 sibi
1017 761 1179 855 laqueos
1208 762 1481 855 praesentiret,
1503 764 1643 834 mundi
1665 765 1734 834 ilo·

288 888 477 960 rescentis
518 909 687 958 amoena
714 885 894 979 despexit
921 889 961 957 et
989 884 1242 978 evangelicae
1284 885 1559 978 promissionis
1596 909 1731 958 eonse-

288 1019 420 1083 crator
447 1013 609 1083 effectus
629 1014 862 1104 paupertate
881 1008 1044 1080 divitias
1073 1012 1112 1080 et
1140 1013 1304 1079 aeterna
1323 1031 1393 1101 pro
1418 1015 1597 1104 ternpore
1625 1033 1734 1082 corrr-

289 1137 475 1208 mutavit.
491 1135 542 1206 In
560 1137 696 1206 eadem
715 1156 889 1227 namque
905 1133 1081 1220 civitate,
1098 1155 1217 1226 quam
1240 1133 1523 1226 praediximus,
1543 1131 1733 1206 Massaba

288 1262 491 1333 minorum
521 1260 692 1331 fratrum
724 1259 848 1329 vitam
883 1261 923 1329 et
952 1257 1135 1328 habitum
1166 1257 1209 1350 (t'.
1228 1255 1310 1348 68')
1341 1257 1486 1328 burnili
1519 1258 1734 1330 devotione

288 1385 519 1478 suscipiens,
550 1388 596 1455 ut
623 1383 883 1476 margaritam
914 1382 1127 1476 pretiosam
1159 1382 1332 1452 venditis
1361 1382 1548 1453 omnibus
1576 1405 1732 1476 cornpa-

290 1514 407 1597 raret,
419 1519 574 1596 cuncta,
587 1530 688 1602 quae
703 1507 856 1594 habirit,
874 1506 1113 1600 pauperibus
1129 1507 1328 1600 eroganda
1343 1507 1529 1578 distraxit
1540 1511 1580 1578 et
1595 1509 1734 1580 disca-l-

289 1636 404 1706 ciatis
432 1635 599 1729 pedibus
627 1634 815 1704 incedens
834 1633 956 1725 spreti
976 1631 1117 1702 mundi
1138 1632 1303 1724 repudia
1323 1632 1452 1725 operis
1477 1635 1734 1706 attestatione

289 1759 534 1852 conseripsit.
565 1757 848 1831 Conversionis
876 1757 999 1849 igitur
1026 1757 1196 1851 gratiam
1225 1757 1364 1828 divina
1391 1757 1606 1829 elementia
1643 1781 1735 1829 con-

290 1891 448 1956 secutus
467 1884 683 1955 virtutem¹
711 1882 961 1954 obedientiae
982 1883 1158 1953 victimis
1186 1885 1433 1976 anteponens
1462 1905 1532 1976 pro
1560 1883 1733 1956 fratrum

186 2091 189 2098 A
291 2007 594 2080 necessitatibus
626 2007 878 2100 acquirendis
898 2007 938 2077 in
960 2007 1067 2077 tbrne
1087 2014 1126 2078 et
1146 2007 1225 2093 siti,
1248 2007 1288 2077 iu
1308 2006 1455 2100 frigore
1484 2015 1524 2079 et
1553 2009 1736 2080 nuditate

284 2135 405 2226 juxta
448 2133 680 2203 mandatum
727 2137 886 2202 sauctae
929 2131 1178 2202 obedieutiae
1207 2131 1432 2204 discurrens
1474 2133 1732 2226 semetipsum

291 2258 439 2328 obtulit
466 2257 647 2328 Domino
676 2255 915 2327 sacrificium
945 2255 1225 2326 medullatum.
1257 2254 1441 2327 Orationi
1472 2279 1629 2350 quoque
1658 2259 1737 2329 t‘re-

291 2389 460 2475 ‹prenter
488 2382 675 2452 insistens
703 2385 872 2451 stratum
903 2381 1170 2452 conscientiae
1198 2380 1297 2451 fusis
1326 2381 1501 2452 lacrimis
1530 2381 1734 2476 irrigabat.

293 2505 403 2578 Pauo
434 2510 591 2578 tantum
622 2511 662 2576 et
690 2528 793 2598 aqua¹
822 2527 937 2599 saepe
966 2510 1178 2576 contentus
1202 2505 1544 2598 concupiscentiae
1565 2505 1737 2576 carnalis

292 2630 477 2701 incendia
506 2629 765 2723 temperabat.
788 2627 1085 2721 Compassionis
1114 2629 1276 2722 insuper
1296 2629 1514 2700 visceribus
1543 2653 1635 2722 erga
1663 2631 1736 2700 rui-

292 2777 398 2826 seros
426 2754 592 2825 affluens
621 2759 660 2824 et
689 2751 870 2823 infirmos
902 2753 1125 2824 ministeria
1154 2753 1301 2824 talibus
1331 2755 1551 2825 neccssaria
1570 2755 1737 2826 devotus

292 2885 332 2950 et
360 2880 490 2949 alacer
518 2877 787 2970 impendebat.
818 2875 910 2948 Non
940 2877 1067 2947 solum
1116 2883 1249 2948 autem
1281 2877 1485 2964 fratribus,
1516 2880 1584 2949 sed
1613 2879 1733 2949 etiam

293 3003 561 3106 saecularibus
589 3001 664 3072 sibi
694 3001 864 3095 cognitis
893 3005 933 3072 ct
960 3001 1109 3092 ignotis
1138 3002 1404 3073 luuoanitatis
1433 3003 1622 3096 obsequia.
1655 3008 1736 3074 stu·

293 3129 442 3200 diosius
471 3127 737 3207 ministrabat,
767 3126 809 3196 in
839 3125 1088 3197 infirmitatis
1129 3126 1299 3198 articulo
1342 3128 1651 3199 misericorditer
1679 3130 1736 3198 ri-

293 3253 418 3324 sitans
447 3253 491 3346 (t'.
509 3251 592 3352 figi)
622 3251 862 3322 decubantes
890 3273 934 3320 ac
972 3252 1251 3340 medicamina,
1281 3275 1382 3345 quae
1415 3252 1649 3324 vulneribus
1668 3260 1738 3324 aut

295 3376 597 3448 infirmitatibus
626 3375 810 3468 expedire
839 3376 1038 3468 cognorit,
1068 3373 1241 3446 oiiiciosa
1269 3376 1480 3447 sedulitate
1510 3399 1736 3469 prmurrans.

297 3501 555 3572 Humilitatis
578 3499 750 3592 denique
779 3499 910 3570 studio
940 3499 1152 3592 coquinam
1186 3501 1378 3572 fratribus
1407 3501 1544 3571 crebro
1573 3503 1738 3594 parabat

294 3633 333 3699 et
362 3626 608 3697 ablutionem
630 3623 884 3716 paropsidum
916 3629 1126 3717 ceteraque
1146 3625 1409 3716 depressionis
1437 3625 1626 3718 obmquia
1645 3649 1739 3720 gau-

292 3753 434 3822 denter
463 3727 658 3844 explebat.
690 3747 805 3839 (insul
834 3750 867 3820 si
896 3749 1135 3842 quandoque
1165 3749 1263 3820 vitio
1283 3749 1514 3842 fragilitatis
1538 3749 1738 3821 humanae

295 3876 483 3968 cuiquam
513 3874 633 3944 rcrbo
671 3873 734 3942 rel
772 3873 879 3944 t'acto
908 3873 1138 3944 oii'eusionis
1166 3877 1237 3944 aut
1259 3873 1339 3944 irae
1368 3873 1630 3960 occasionem,
1660 3873 1736 3944 ut2

296 3999 452 4086 assolet,
469 3998 691 4090 irrogasset,
722 4019 815 4066 mox
844 4019 1020 4090 appensa
1046 3998 1164 4067 eorda
1183 3997 1401 4068 cervicibus
1429 3995 1665 4068 devolutus8
1697 3996 1737 4066 in

296 4131 443 4194 terram
474 4146 497 4192 a
525 4123 648 4192 fratrc
680 4121 837 4192 reniam
869 4121 1077 4192 humiliter
1097 4121 1336 4214 postulabat.
1368 4121 1418 4192 ln
1439 4121 1562 4193 illatis
1582 4144 1739 4215 quoque

296 4247 372 4317 sibi
401 4245 595 4317 molestiis
623 4245 822 4339 patienter
849 4268 970 4340 agens
999 4245 1204 4338 satagebat
1232 4268 1392 4338 parcere
1421 4245 1671 4339 delinquenti
1700 4249 1740 4316 et

297 4371 500 4442 velocitati
529 4370 783 4442 dimittendi⁴
811 4371 970 4462 penitus
999 4371 1241 4442 occurrendo
1270 4371 1448 4442 caritatis
1476 4369 1663 4441 affectum
1692 4391 1740 4439 ex

297 4497 414 4567 corde
444 4495 628 4566 trahebat
656 4495 800 4566 alieno.

405 4764 413 4790 ¹
433 4757 531 4812 Codex
552 4779 566 4810 <‹
581 4759 628 4812 cni
649 4760 789 4812 virtutem
805 4776 829 4811 a.

405 4861 413 4884 ’·“
434 4855 533 4910 Codex
554 4875 568 4906 «
582 4865 634 4910 aut
650 4877 673 4911 a.

405 4951 414 4975 ²¹
434 4944 533 4999 Codex
554 4947 707 5000 «dovotus
724 4966 747 4999 a.

405 5041 413 5064 ⁴
434 5035 533 5088 Codex
554 5037 784 5088 «dimittenti».
