3902 5570
809 453 1118 508 INTltODUGTIO.
1629 456 1713 509 XIII

265 689 465 761 videntur.
496 687 654 760 Auctor
682 688 789 759 enim
821 687 863 758 in
892 687 1056 782 prologo
1084 687 1297 782 promittit,
1333 713 1352 754 ιι
1381 687 1424 758 iu
1449 688 1566 760 initio
1595 689 1713 782 parti-

267 823 389 894 tionis
417 823 633 918 cujuslibet
661 843 788 916 pauca
816 822 1009 915 quaedam
1033 821 1078 892 de
1105 821 1184 892 rito
1204 828 1239 892 ot
1259 821 1424 892 moribua
1453 821 1711 916 praelibando

265 957 534 1052 perstringere
552 983 570 1024 ι
590 950 672 1055 (pg.
686 952 750 1056 2);
772 956 813 1028 in
834 955 962 1027 tribus
981 953 1180 1049 prioribus
1195 955 1479 1050 partitionibus
1495 955 1595 1026 illud
1610 956 1711 1028 bene

265 1089 530 1184 adimpletum
562 1090 732 1178 ridetur,
762 1089 804 1160 in
834 1093 977 1184 quarta
1004 1094 1045 1160 et
1072 1089 1215 1182 quinta
1243 1087 1483 1182 paucissima
1511 1089 1633 1160 rerba
1661 1089 1710 1160 de

266 1223 351 1296 vita
378 1223 714 1316 praemittuntur;
744 1225 855 1294 sexta
888 1243 993 1312 vere,
1033 1241 1134 1315 quae
1172 1220 1255 1316 agit
1292 1221 1341 1292 de
1378 1221 1494 1294 beato
1532 1221 1710 1315 scopere,

265 1356 403 1428 statim
432 1360 472 1428 et
500 1377 548 1428 ex
567 1355 738 1449 abrupto
766 1355 912 1448 incipit
940 1377 964 1426 a
991 1353 1209 1444 miraculis,
1239 1357 1280 1426 et
1308 1353 1451 1426 deinde
1471 1355 1668 1426 miracula
1689 1377 1713 1426 a

265 1489 432 1561 diversis
460 1489 652 1560 fratribus
680 1491 837 1582 patrata
865 1487 1014 1581 abnque
1044 1487 1127 1559 nlla
1155 1489 1203 1558 de
1246 1487 1354 1559 ritae
1384 1487 1588 1560 mentione
1617 1489 1712 1560 adn·
1764 1477 1768 1484 ’

264 1627 426 1694 nantur.
456 1621 573 1694 Beati
604 1621 778 1717 Rogerii,
813 1647 830 1689 «
861 1621 930 1716 qui
959 1627 1042 1692 tam
1083 1621 1258 1692 evidenti
1301 1620 1444 1692 micuit
1485 1621 1710 1712 sanctitate,

266 1759 312 1827 ut
339 1777 429 1828 eum
461 1755 648 1828 dominus
678 1753 895 1849 Gregorius
923 1753 1036 1848 Papa
1065 1775 1194 1826 nonus
1222 1753 1503 1848 approbaverit
1522 1758 1563 1826 at
1581 1759 1710 1826 astru-

243 1887 369 1960 'xerit
396 1911 488 1962 vere
516 1894 699 1960 sanctum
729 1893 769 1960 et
797 1889 884 1982 ejus
912 1888 1148 1960 memoriam
1179 1887 1284 1982 apud
1314 1887 1534 1959 Tudertum
1556 1910 1710 1960 eonces-

265 2023 361 2094 serit
389 2022 591 2110 celebrari,
611 2023 647 2088 »¹
670 2021 794 2094 vitam
826 2021 992 2092 omnino
1022 2043 1104 2092 esse
1133 2021 1355 2116 neglectam
1377 2021 1426 2092 ab
1446 2023 1608 2093 auctore
1631 2021 1712 2092 dia-

265 2155 345 2250 logi
365 2155 433 2226 rix
452 2156 672 2244 eredimus3
688 2155 752 2226 oui
772 2155 935 2244 accedit,
952 2155 1057 2249 quod
1077 2155 1211 2248 plures
1230 2156 1386 2242 fratres,
1407 2153 1476 2248 qui
1496 2154 1711 2226 sanctitate

265 2293 306 2360 et
334 2289 458 2382 signis
486 2287 679 2382 praeclari
702 2289 791 2382 jam
821 2287 865 2360 in
884 2286 1065 2360 Domino
1085 2288 1279 2376 obierant,
1300 2289 1466 2360 onmino
1485 2288 1711 2360 desideran-

266 2426 343 2513 tur,
364 2445 486 2516 quare
506 2423 576 2494 illa
595 2422 717 2494 verba
742 2451 759 2490 ι
781 2423 975 2517 quaedam
998 2421 1207 2510 habentur,
1228 2423 1309 2494 olio
1324 2423 1523 2514 perimunt
1545 2448 1562 2488 »
1587 2422 1710 2494 etiam

265 2559 313 2628 de
341 2556 474 2628 codiee
503 2563 639 2628 nostro
667 2557 800 2628 valere
837 2555 1033 2649 illumque
1076 2555 1205 2626 solum
1247 2555 1395 2650 dialogi
1437 2555 1708 2650 fragmentum

265 2691 453 2785 praehere
483 2693 683 2784 putamus.
713 2781 715 2788 Α
1399 2697 1401 2704 ’

373 2823 527 2916 Quibus
555 2823 588 2896 si
616 2823 899 2910 addiderimus,
942 2822 1048 2916 quod
1089 2822 1269 2916 dialogus
1307 2821 1399 2894 stilo
1437 2823 1618 2916 elegante
1652 2827 1712 2894 est

265 2958 447 3050 scriptus,
467 2963 507 3028 et
526 2957 631 3050 quod
646 2961 786 3029 auctor
813 2957 937 3050 ipsius
957 2978 998 3028 se
1021 2956 1063 3028 in
1093 2955 1270 3027 scientiis
1298 2954 1531 3050 theologicis
1559 2955 1711 3050 optime

265 3091 468 3162 excultum
499 3091 697 3184 simulque
726 3091 857 3161 virum
888 3091 1000 3184 pium
1030 3095 1070 3162 et
1097 3089 1331 3182 prudentem
1364 3089 1511 3183 ubique
1544 3089 1711 3160 manife-

266 3229 356 3312 stat,
386 3223 523 3294 onmia
551 3223 738 3312 diximus,
768 3245 868 3317 quae
893 3224 979 3316 ipse,
995 3223 1096 3294 liber
1114 3223 1164 3294 ad
1185 3222 1457 3316 quaestionem
1480 3223 1528 3293 de
1548 3229 1709 3295 auctore

266 3357 498 3429 solvendam
527 3357 719 3428 insinuat.
750 3357 883 3448 Quare
911 3357 962 3428 ad
990 3356 1222 3429 testimonia
1250 3362 1405 3426 urrerem
1433 3356 1621 3428 redimus.

373 3489 408 3560 3.
440 3489 606 3563 Saeculo
635 3509 712 3561 xrr
740 3494 942 3562 auctorem
972 3490 1120 3584 dialogi
1149 3489 1300 3562 indicat
1327 3489 1376 3560 fr.
1406 3489 1567 3560 Marem
1605 3489 1711 3578 [Ἰρις-

265 3626 485 3718 ripouomia.
516 3652 533 3692 «
564 3623 686 3696 Frate
719 3623 907 3697 Giooormi
920 3625 971 3695 da
990 3623 1140 3695 Parma
1159 3622 1350 3694 Ministro
1370 3621 1567 3714 Generale
1590 3663 1638 3676 -—
1654 3623 1711 3694 ait

268 3756 428 3829 Marcus
462 3758 503 3829 in
537 3757 619 3828 suis
647 3755 872 3827 chronicis²
903 3797 954 3808 —
983 3777 1166 3849 compose
1195 3779 1248 3827 un
1280 3756 1381 3826 libro
1424 3755 1526 3827 della
1545 3755 1641 3826 rita
1668 3755 1709 3826 di

266 3892 358 3984 quoi
400 3891 513 3963 Frati
542 3889 707 3978 Minori,
737 3890 809 3960 ohe
837 3890 956 3960 furon
986 3875 1113 3976 Santi,
1143 3889 1186 3960 in
1215 3889 1334 3960 modo
1362 3889 1402 3960 di
1432 3888 1616 3982 Dialogo,
1646 3888 1710 3960 del

265 4025 382 4118 quale
411 4025 450 4096 la
479 4023 659 4118 maggior
700 4027 812 4118 parte
841 4045 881 4094 se
919 4043 969 4093 ne
1007 4019 1137 4115 perdh.
1170 4048 1187 4088 a
1222 4021 1332 4096 (litat
1360 4022 1401 4093 in
1441 4022 1622 4115 margine
1660 4022 1710 4093 ad

266 4159 374 4230 hunc
406 4157 538 4230 locum
573 4187 590 4226 <
617 4155 799 4232 Orouiobc
819 4157 968 4227 radiolae
990 4181 1025 4242 »,
1047 4178 1125 4249 quo
1150 4156 1313 4227 nomine
1334 4155 1534 4228 Chronica
1560 4151 1709 4228 XXIV

265 4290 547 4363 Ministrormn
573 4291 819 4386 generalium
850 4289 1057 4360 nominare
1086 4289 1256 4376 videtur,
1287 4295 1326 4361 et
1355 4312 1401 4360 ea
1429 4311 1529 4384 quae
1553 4311 1601 4359 ex
1629 4287 1710 4359 illis

270 4455 288 4492 «
321 4425 517 4497 Croniohe
537 4425 697 4496 antiche
719 4449 736 4490 »
761 4423 960 4518 adjunxit,
990 4423 1156 4494 omnino
1184 4423 1226 4493 in
1247 4423 1332 4496 istis
1351 4421 1549 4496 olnoniois
1574 4422 1712 4516 legun-

266 4566 343 4631 tur.
366 4559 513 4632 Utrum
544 4559 593 4629 fr.
623 4555 786 4629 Marcus
814 4557 888 4628 hoc
916 4555 1004 4626 loco
1034 4554 1081 4626 ll.
1110 4555 1310 4627 Joannem
1334 4555 1595 4627 Parmensem
1617 4579 1707 4625 cum

372 4819 593 4872 ²Buuunnnus
619 4831 661 4870 nu
687 4815 798 4882 Busan,
820 4813 905 4868 Liber
926 4813 961 4868 de
986 4813 1124 4868 maumas
1143 4813 1218 4868 beati
1237 4813 1398 4878 Frarwiscr',
1425 4815 1454 4867 in
1478 4815 1565 4868 Anat.
1587 4815 1707 4877 Frena,

265 4911 286 4960 t.
302 4921 349 4972 m,
371 4921 419 4974 pg.
435 4907 496 4959 668.

371 5005 380 5031 ¹
398 4992 598 5048 Adhibuimus
625 4993 790 5048 versionem
805 4991 945 5058 italicam
960 4991 997 5044 cl.
1014 4989 1094 5044 Delie
1110 4990 1248 5044 Oronicbe
1260 4990 1303 5044 de·
1317 4989 1392 5057 frati
1405 4989 1523 5056 minori,
1539 5006 1566 5058 p.
1584 5004 1618 5053 11,
1640 4989 1659 5041 l.
1682 4989 1708 5054 1,

265 5099 290 5137 e.
315 5099 398 5136 xxix.
