3902 5570
275 377 370 429 xxss
845 373 1154 428 lxrssolrm'rmo.

337 665 342 674 ⁴
378 605 414 678 4.
445 605 597 697 Quarto
636 606 721 676 loco
758 605 958 700 agendum
988 609 1047 676 est
1074 605 1122 675 de
1151 601 1336 674 Marione
1374 601 1612 706 Florentino,
1643 602 1713 696 qui

272 741 377 811 circa
416 737 519 810 1500
552 761 700 832 magna
741 738 813 809 ilia
854 738 1043 809 chronica
1084 760 1192 810 mum
1235 737 1440 832 deperdita
1481 736 1716 830 composuit,

272 897 351 968 qua
379 875 496 945 toties
524 871 709 944 adhibuit
738 869 1002 966 Waddingus.
1033 869 1097 942 Ex
1134 871 1219 964 ipso
1258 869 1486 964 Waddingo
1525 870 1718 942 deducere

273 1007 379 1096 licet,
408 1005 639 1077 Marianum
671 1004 953 1076 Florentinum
975 1003 1181 1098 dialogum
1206 1002 1446 1074 adhibuisse.
1468 1001 1719 1096 Waddiugus

274 1141 395 1228 enim,
425 1139 625 1232 imprimis
654 1140 703 1210 ad
732 1161 882 1210 aunum
903 1135 1020 1226 1241,
1041 1159 1229 1230 magnam
1261 1149 1399 1207 eorum
1429 1139 1719 1230 pa1·tcm,quae
1830 1193 1839 1202 .

274 1274 454 1366 dialogus
470 1272 647 1361 tradidit,
663 1271 779 1342 affert
798 1271 926 1341 citans
942 1271 983 1341 in
1000 1270 1181 1362 margine
1200 1269 1487 1354 Crescentium,
1509 1267 1718 1352 Pisanum,

274 1404 519 1493 llariauum,
540 1404 816 1496 Rodulplrium
837 1426 882 1474 ac
912 1401 1113 1496 Speculum
1145 1403 1252 1473 rilnc.
1282 1401 1397 1472 Inter
1416 1423 1463 1472 ea
1482 1423 1587 1488 vero,
1618 1422 1719 1494 quae

274 1543 422 1625 narrat,
442 1539 559 1632 plura
577 1537 853 1624 inveniuntur,
874 1559 975 1630 quae
996 1559 1067 1607 uec
1087 1535 1260 1608 Pisanus
1280 1558 1352 1606 nec
1373 1533 1627 1632 Rodulphius
1645 1556 1719 1604 nec

276 1671 476 1764 Speculum
512 1673 612 1742 citae
645 1693 721 1748 ,nec
759 1669 861 1740 alius
894 1675 1031 1741 auctor
1064 1667 1268 1761 hucusque
1302 1668 1490 1739 iuventus
1523 1666 1718 1761 praebuit,

274 1827 375 1898 quae
395 1812 530 1876 tamen
551 1803 701 1898 optime
721 1803 967 1874 conveniunt
986 1802 1156 1896 dialogo,
1178 1823 1299 1895 quare
1316 1801 1378 1872 vel
1394 1823 1442 1872 ex
1461 1801 1547 1893 ipso
1562 1799 1720 1893 dialogo

275 1938 337 2008 vel
366 1959 414 2008 ex
442 1935 628 2008 Mariano
657 1937 869 2029 desumpta
897 1957 979 2007 esse
1009 1935 1209 2006 videntur.
1233 1933 1293 2004 At
1321 1955 1369 2005 ex
1399 1934 1579 2026 pluribus
1617 1955 1720 2004 erro·

220 2125 223 2132 ,
274 2071 384 2142 ribus
420 2071 545 2164 ipsius
574 2069 793 2162 Waddingi
835 2072 991 2140 constat
1019 2091 1111 2139 eum
1142 2066 1346 2161 dialogum
1376 2067 1505 2160 ipsum
1538 2089 1617 2138 nou
1652 2067 1720 2137 ha-

275 2203 441 2291 imisse,¹
474 2203 579 2274 uude
598 2203 692 2296 jure
711 2201 1001 2288 concludimus,
1023 2202 1129 2294 quod
1150 2201 1240 2272 illas
1269 2201 1590 2272 circumstantias
1619 2201 1719 2272 bene

274 2337 429 2444 additas
457 2359 506 2408 ex
534 2336 645 2407 fonte
674 2357 745 2408 suo
775 2335 966 2429 primario
986 2357 1098 2405 -ex
1118 2333 1306 2406 Mariano
1323 2376 1374 2388 -
1389 2335 1621 2427 desumpsit.
1652 2331 1721 2404 Ad

274 2491 426 2541 anuum
456 2491 515 2541 ex.
545 2491 603 2563 gr.
634 2466 737 2539 1232
766 2491 805 2539 n.
845 2487 960 2540 xxm
990 2467 1244 2562 Waddingus
1273 2469 1357 2562 agit
1389 2470 1437 2540 de
1466 2467 1719 2538 mirabilibus

275 2603 391 2688 lactis
419 2625 489 2697 per
516 2602 565 2674 fr.
598 2603 864 2674 Hcrnummun
887 2601 1132 2694 Futpinacnn
1161 2607 1201 2673 et
1230 2603 1354 2673 refert
1374 2603 1479 2673 inter
1506 2601 1586 2672 alia
1606 2601 1719 2686 illud,

275 2737 381 2830 quod
409 2735 555 2807 accidit
574 2733 696 2830 fabro
724 2735 891 2807 Petronc
919 2736 960 2806 in
992 2735 1157 2806 ecclesia
1199 2735 1325 2806 sancti
1355 2735 1563 2822 Feliciani‚
1593 2735 1722 2806 citans

275 2869 506 2940 Marianum
538 2873 578 2940 et
616 2867 918 2962 Rodulpliium;
962 2873 1004 2939 at
1039 2868 1294 2962 Rodulphius
1336 2869 1575 2940 miraculum
1619 2867 1720 2939 illud

275 3003 422 3092 omisit,
442 3001 617 3074 Pisanus
638 3025 732 3074 vero
753 3007 912 3074 tautum
943 3001 1017 3073 ait:
1045 3032 1062 3069 «
1095 3001 1268 3093 Quidam
1299 3003 1489 3096 uragister
1519 3003 1718 3092 lignorum

275 3142 315 3208 et
343 3136 536 3230 lapidum.
569 3163 586 3200 »
621 3136 688 3207 Ad
723 3157 875 3207 anuum
911 3133 1011 3206 1241
1042 3159 1081 3206 n.
1112 3155 1219 3208 xxm*
1248 3137 1370 3208 refert
1408 3137 1532 3228 signa,
1576 3137 1721 3230 quibus

276 3271 464 3342 inclaruit
505 3269 629 3341 frater
672 3269 822 3340 ,l'tnclnc
860 3270 905 3340 dc
944 3268 1140 3356 dlcrcliic,
1184 3271 1253 3363 qui
1298 3272 1404 3341 iuter
1446 3270 1525 3340 alia
1566 3271 1722 3342 curavit

281 3433 297 3470 «
328 3403 504 3496 puellam
534 3407 682 3496 septem
714 3424 928 3491 annorum,
958 3405 1123 3474 nornine
1148 3404 1292 3476 Itoana
1321 3404 1527 3497 cujusdam
1549 3403 1721 3476 ‘loannis

276 3535 420 3622 tiliam;
440 3561 457 3601 »
479 3534 651 3606 Pisanus
668 3539 862 3607 memorat
888 3537 1102 3630 «puellam
1123 3541 1272 3630 septem
1295 3558 1541 3622 annorum»
1567 3538 1633 3608 sed
1655 3560 1721 3608 no-

276 3656 368 3740 men
389 3669 553 3758 omittit,
584 3667 838 3761 Rodulphius
864 3669 1106 3740 miraculum
1127 3671 1293 3742 cumino
1314 3671 1501 3764 neglexit,
1523 3693 1596 3742 uec
1616 3673 1722 3764 apud

275 3803 375 3874 alios
394 3805 575 3873 auctores
595 3801 812 3891 invenitur,
833 3825 955 3896 quare
975 3803 1047 3874 illa
1067 3807 1106 3875 et
1127 3803 1241 3896 plura
1261 3804 1341 3875 alia
1356 3779 1396 3874 in
1415 3803 1591 3876 Mariani
1611 3805 1722 3875 chro-

276 3936 375 4007 nicis
397 3933 645 4028 Waddiugus
665 3935 865 4006 invenisse
887 3938 1056 4024 videtur,
1086 3935 1319 4008 Marianum
1341 3939 1540 4031 ve1·oipso
1564 3937 1722 4040 dialogo

277 4089 390 4139 usum
423 4088 505 4138 csse
527 4067 621 4160 jure
649 4071 851 4160 putamus.

281 4205 286 4214 '
384 4200 419 4271 5.
451 4199 609 4272 Ultimo
637 4201 724 4272 loco
752 4201 924 4273 dicimus
944 4203 992 4274 de
1021 4203 1070 4272 fr.
1095 4203 1310 4296 liodnlplrio
1334 4203 1629 4286 Poenininncnri,
1653 4205 1722 4298 qui

276 4335 381 4405 circa
408 4333 530 4405 finem
574 4334 721 4406 saeculi
752 4355 828 4405 xvi
857 4336 1084 4428 composuit
1131 4363 1148 4404 c
1179 4337 1447 4408 Historiarum
1490 4335 1722 4429 Serapieicuc

383 4633 392 4660 ¹
412 4627 456 4684 Ol.
484 4631 656 4700 praesertim
675 4646 720 4698 ea,
743 4646 820 4700 quae
840 4633 913 4686 dicit
932 4631 969 4686 de
987 4632 1076 4686 tratre
1096 4633 1275 4686 llollandino
1293 4634 1383 4698 (intra
1401 4649 1450 4703 pg.
1469 4635 1529 4700 111,
1544 4641 1615 4686 nota
1633 4633 1671 4702 2).
1687 4663 1723 4674 -

276 4721 356 4774 luter
376 4719 475 4786 libros,
496 4735 570 4788 quos
589 4721 761 4776 adhibuisse
774 4721 961 4792 Waddingns
974 4722 1057 4789 dicit,
1072 4723 1268 4777 inveniuntur
1283 4741 1297 4772 u
1313 4722 1467 4776 crescentie·
1480 4723 1515 4776 de
1526 4723 1592 4776 Jeae
1605 4721 1723 4790 Dialoqi

274 4811 309 4862 cle
327 4811 409 4862 stata
427 4808 652 4862 l‘rance'sccno»
672 4809 788 4878 (tabula
806 4809 942 4863 codicum
962 4812 1061 4874 mss.);
1082 4811 1211 4864 serrendo
1230 4811 1320 4864 editio
1338 4809 1453 4864 addidit
1472 4812 1642 4879 «Ejusdem
1662 4811 1722 4864 cita

276 4900 311 4952 ll.
334 4897 463 4952 loannis
487 4899 660 4952 Finnani»
689 4899 721 4968 (t.
748 4915 769 4966 1,
789 4914 838 4968 pg.
864 4899 964 4968 cxcv).
994 4898 1030 4953 In
1056 4899 1131 4954 libro
1159 4900 1354 4970 «Scriptores
1384 4899 1504 4954 Ordinis
1537 4900 1721 4954 Minorum»

273 4989 392 5056 (Romae
412 4988 492 5054 1650)
511 4989 711 5045 iVsunmuus
730 4990 808 5044 inter
826 5004 915 5059 opera
932 4992 967 5044 lr.
990 4989 1151 5045 crescentii
1171 4991 1251 5045 haud
1270 4991 1405 5045 nominat
1424 4991 1586 5062 dialogum.
