3880 5568
274 379 350 449 118
697 397 754 448 nn
784 395 1032 450 rrsrorrnrs
1063 396 1283 449 rrnnrnrn.
1347 385 1349 394 “

164 665 175 678 -
271 630 345 699 hoo
374 629 534 718 meruit,
563 629 652 724 quis
671 629 817 700 amleat
844 593 1038 700 deliniret
1059 625 1184 720 Saepe
1204 629 1311 699 enim
1341 627 1564 698 ministerio
1590 627 1712 698 unius

186 731 190 738 ’
270 736 415 846 agitur,
445 753 550 846 quod
578 747 746 824 alterins¹
772 753 925 824 meritis
953 752 1204 846 impetratur.
1227 749 1486 845 sanamque
1507 755 1715 845 pugnante

270 901 358 947 cmn
392 875 560 949 Amalec
590 877 739 948 Israole
768 899 849 947 non
878 877 1097 947 industriae
1126 881 1197 947 aut
1225 875 1364 946 virtuti
1395 876 1483 968 ejus
1515 875 1609 945 belli
1655 875 1711 944 rl·

271 1003 395 1073 catria
413 1003 692 1088 contribuitur,
713 1003 779 1073 sed
801 1003 1005 1095 signanter
1024 1002 1233 1094 adjicitur:
1270 1028 1287 1067 a
1320 999 1422 1072 Cum
1452 1000 1603 1070 levaret
1634 1021 1715 1070 trra·

273 1150 346 1196 nus
375 1125 547 1218 Moyses
579 1127 764 1197 vincebat
791 1125 954 1198 Israel.¹
987 1123 1029 1198 si
1059 1133 1191 1197 antem
1232 1125 1439 1218 paululant
1485 1124 1712 1212 remisisset,

271 1252 482 1343 superabat
506 1251 549 1344 (f.
568 1249 679 1346 148²)
701 1249 886 1338 Arnalec;
909 1277 926 1315 »
952 1249 1048 1321 acsi
1069 1251 1343 1342 apertedicat:
1365 1249 1471 1342 quod
1491 1255 1713 1342 pugnantes

271 1384 477 1446 contrane
510 1374 755 1446 Amalecitas
784 1374 910 1446 Israel
939 1380 1111 1466 superat,
1143 1374 1216 1444 lroe
1253 1395 1503 1466 nequaquam
1549 1371 1630 1443 suis
1658 1372 1714 1441 ri-

273 1501 393 1588 ribus,
423 1499 489 1571 sed
519 1501 698 1571 oratione
727 1500 958 1593 prophetica
986 1499 1237 1592 impetrabat.
1269 1496 1334 1568 Sic
1354 1520 1511 1592 quoque
1530 1497 1714 1569 minister

273 1623 420 1694 Elisaei
464 1623 732 1716 primitiarum
777 1645 900 1717 panes
928 1643 1073 1716 pancos
1102 1645 1235 1693 coram
1267 1622 1413 1716 populo
1441 1623 1586 1715 posuit,
1616 1644 1714 1716 qnos

272 1750 398 1817 oratio
430 1747 674 1841 prophetalis
702 1749 749 1818 ad
780 1747 1057 1818 sufficientiam
1089 1746 1362 1818 multitudinis
1390 1747 1612 1839 ampliavit.
1638 1745 1714 1816 Po-

272 1875 349 1942 tuit
374 1872 497 1966 igitur
529 1871 775 1966 utrumlqne]
806 1871 903 1956 lieri,
934 1875 979 1941 ut
1007 1877 1046 1942 et
1074 1871 1210 1941 fratris
1231 1869 1326 1942 tides
1346 1871 1470 1964 pisces
1489 1893 1613 1942 manu
1641 1872 1714 1942 sub

272 2020 392 2065 muna
420 1996 686 2084 concluderet,
716 2000 786 2067 ant
805 1996 1006 2068 orantium
1028 1995 1137 2066 domi
1157 1995 1328 2065 fratrum
1344 1995 1474 2066 multa
1502 1995 1715 2066 necessitas

271 2121 374 2212 apud
405 2114 539 2190 Deum
569 2120 672 2191 banc
701 2119 939 2213 provisionis
967 2118 1137 2212 gratiam
1167 2118 1375 2190 obtineret.
1408 2117 1465 2190 Ut
1493 2119 1600 2190 enim
1635 2141 1715 2188 rna-

272 2269 389 2334 gnam
430 2267 591 2316 snorum
624 2267 840 2338 pauperum
872 2242 961 2315 Deo
1003 2265 1138 2314 curam
1183 2243 1310 2314 inesse
1339 2265 1419 2313 non
1449 2244 1618 2328 dubites,
1647 2266 1715 2336 pu-

273 2374 380 2443 nitae
404 2373 515 2465 juste
544 2371 751 2464 cujusdam
784 2367 964 2440 mulieris
1006 2367 1215 2438 avaritiam
1260 2389 1352 2461 erga
1380 2368 1523 2439 fratres
1560 2351 1713 2439 edicam

273 2501 377 2566 tacto
415 2496 586 2590 quodam
609 2493 839 2581 miserabili,
865 2493 968 2586 qnod
999 2492 1038 2562 in
1071 2491 1250 2584 partibus
1278 2491 1382 2561 circa
1410 2491 1581 2562 Romam
1613 2493 1713 2564 mari

273 2621 457 2692 linitimis
486 2619 652 2691 memini
683 2618 906 2712 contigisse.

379 2745 429 2815 'ln
473 2749 600 2814 (rastro
644 2764 817 2834 natuque
847 2740 1026 2833 Piperni,
1056 2763 1146 2811 cnm
1187 2741 1365 2832 'tempore
1408 2741 1526 2811 famis
1570 2741 1714 2812 mulier

273 2871 481 2960 oriundam,
503 2867 679 2938 Ir'ornono
712 2865 914 2954 vocabulo,
944 2865 1171 2958 petentibus
1199 2863 1392 2935 fratribus
1420 2865 1713 2957 eleemosynam

273 2995 321 3062 ab
352 2993 488 3064 endem
518 2993 566 3063 de
596 3013 709 3084 pana
739 3012 855 3084 quem
887 2990 1024 3060 eodem
1055 2989 1118 3059 die
1147 2995 1318 3078 coxerat,
1349 2995 1509 3082 partem
1537 2988 1713 3082 aliquam

272 3119 485 3188 carrionem
514 3115 719 3201 noluisset,
750 3115 853 3185 nilril
896 3114 1062 3184 omnino
1105 3135 1145 3184 se
1187 3114 1332 3184 habere
1362 3113 1577 3206 respondit,
1609 3115 1715 3206 quod

273 3241 512 3333 paoperibus
540 3261 701 3332 crogare
721 3239 884 3309 valeret.
915 3237 1209 3308 Recedentibns
1237 3238 1361 3332 igitur
1384 3237 1576 3308 fratribus
1605 3261 1715 3308 more

271 3391 341 3434 sno
363 3367 612 3456 assumptum
642 3357 688 3460 (f.
711 3358 823 3461 148')
852 3383 993 3454 panem
1027 3361 1138 3434 nrisit
1165 3363 1311 3433 mulier
1340 3367 1434 3432 nato
1463 3385 1534 3434 suo
1563 3363 1604 3432 in
1634 3363 1715 3432 cnl-

273 3499 360 3559 tura
392 3490 531 3558 vineae
560 3487 770 3561 laboranti.
802 3485 930 3577 Quem
961 3509 1051 3556 cum
1077 3482 1241 3576 juvenis
1276 3482 1491 3569 incidisset,
1513 3485 1557 3553 ut
1585 3505 1716 3552 comc-

272 3616 382 3683 dorot
411 3616 499 3704 post
529 3611 718 3698 laborem,
748 3611 972 3703 praedictus
1001 3610 1115 3703 panis
1158 3607 1308 3678 mixtus
1350 3607 1543 3700 sanguine
1572 3611 1632 3678 est
1659 3629 1717 3676 re-

275 3744 421 3830 pertus.
464 3735 643 3806 Domum
689 3735 823 3828 itaque
866 3734 1021 3804 rediens
1067 3757 1091 3803 a
1133 3732 1266 3802 labore
1314 3736 1482 3800 matrem
1531 3730 1717 3801 alacriter

274 3862 406 3948 :nutrit
435 3865 474 3930 et
503 3860 631 3930 eidem
662 3847 803 3951 panem
837 3857 1016 3950 protulit,
1046 3879 1163 3949 quem
1208 3875 1346 3925 cruore
1389 3854 1561 3924 mixtum
1593 3865 1718 3924 trans—

275 3986 437 4054 mismat
465 3983 676 4054 laboranti.
708 3981 861 4056 Voleus
899 3985 1033 4052 autem
1078 3979 1223 4050 nmlier
1260 3978 1456 4049 feniculos
1498 3999 1629 4048 emere
1667 3978 1715 4048 do

276 4111 347 4176 lior
392 4129 504 4199 pane,
535 4107 602 4178 sed
645 4129 733 4176 cmn
779 4110 886 4176 totus
928 4109 1148 4198 appareret,
1178 4111 1223 4174 nt
1256 4103 1443 4191 diximus,
1472 4107 1715 4188 cruentatus,

274 4235 378 4324 «prod
408 4253 613 4324 perperam
645 4235 790 4324 egerat,
821 4253 950 4300 coram
983 4229 1170 4299 omnibns
1199 4227 1407 4298 humiliter
1444 4231 1503 4298 est
1536 4227 1715 4298 confessa

276 4377 498 4449 proponens
518 4355 686 4426 tirmiter
706 4355 841 4426 animo
859 4355 979 4447 juxta
1004 4352 1305 4446 possibilitatem
1329 4375 1440 4424 snam
1462 4373 1533 4444 pro
1555 4351 1716 4422 Christo

276 4481 501 4572 potentibus
530 4479 721 4551 iratribus
749 4500 969 4571 numquam
1005 4477 1158 4570 aliquid
1186 4475 1417 4569 denegar·e.²

381 4757 501 4812 ¹Exod.
525 4756 568 4824 li,
591 4758 632 4809 n.

380 4845 569 4898 ²Bsn'rnon.
593 4845 654 4899 Prs
678 4845 695 4898 l.
718 4861 742 4898 c.
766 4845 798 4896 tr.
823 4859 864 4910 rr,
886 4859 913 4912 p.
938 4859 970 4908 n,
992 4843 1036 4896 De
1051 4843 1202 4911 provincia
1216 4841 1356 4908 Romana,
1372 4841 1469 4896 Locus
1484 4843 1604 4910 Piperni
1619 4843 1675 4900 led.
1695 4859 1713 4896 r.

275 4934 322 4983 tol.
346 4933 716 4998 ‹nx11›·),tdembrevitcr
744 4933 845 4998 relert3
867 4933 903 4983 cl.
927 4931 1039 4984 ll'nnn.
1070 4931 1107 4983 ad
1136 4945 1184 4983 an.
1218 4928 1285 4981 1292
1312 4944 1394 4982 nuru.
1428 4946 1521 4986 anxir
1544 4933 1637 4990 (addit
1656 4939 1715 4987 «et

273 5022 370 5073 statim
392 5021 471 5074 color
490 5022 541 5074 ille
559 5022 744 5090 sanguineus
765 5021 885 5074 recessit
898 5031 937 5084 a).
