3902 5570
666 437 721 490 llll
754 436 893 490 linaro
923 438 1125 490 lsserEl'nx
1132 438 1225 490 l'l'o,
1616 417 1664 490 27

224 675 309 742 toto
330 671 420 742 nisu
440 671 588 741 mentis
606 669 834 763 sejungere
854 671 1070 763 satagebat.
1092 669 1197 760 Quid
1220 669 1372 741 nmnar
1398 670 1597 765 Receptus
1617 673 1667 743 ad

225 795 404 866 ordinem
436 774 607 865 fratrum
637 794 840 866 minorum
872 816 965 865 mox
984 795 1047 864 vir
1066 793 1144 865 Dei
1167 794 1411 866 lrumilitatis
1440 817 1533 866 suae
1554 818 1667 889 expe-

229 918 403 990 rimenta
431 917 649 1006 declarans,
678 918 726 988 de
755 918 946 988 mandato
974 919 1101 990 sancti
1126 919 1251 1011 patris
1280 919 1482 990 Francisci
1513 921 1563 991 ad
1592 944 1668 991 ser-

226 1043 413 1114 viendum
446 1042 611 1135 leprosis
630 1041 840 1114 humiliter
867 1065 908 1114 se
927 1041 1100 1135 subjecit
1118 1041 1382 1114 humanitatis
1403 1044 1459 1114 eis
1479 1045 1669 1138 obsequia

225 1162 271 1264 (f.
292 1163 381 1266 ΖΨ)
410 1167 688 1256 ministrando,
718 1167 837 1260 pedes
875 1167 1038 1238 illorum
1068 1172 1109 1238 et
1136 1191 1303 1261 corpora
1337 1190 1452 1261 saepe
1482 1169 1669 1240 manibus

160 1297 162 1306 ⁴
225 1293 392 1364 abluens
420 1299 460 1364 et
489 1293 638 1386 rejecto
667 1293 830 1364 fastidio
859 1293 1010 1363 saniem
1042 1292 1221 1364 ulcerum
1245 1293 1470 1365 effluentem
1494 1317 1518 1364 a
1537 1300 1669 1388 putre-

225 1419 343 1490 factis
372 1418 564 1489 membris
592 1424 812 1512 extergens.
853 1415 1116 1490 Obedientiae
1145 1441 1303 1512 quoque
1333 1419 1525 1490 virtutem
1555 1427 1669 1491 tanto

226 1545 374 1614 mentis
402 1542 578 1614 culrnine
598 1542 834 1635 possidebat,
854 1542 961 1636 qued
981 1543 1030 1613 ad
1051 1543 1189 1614 onmia
1212 1543 1483 1636 praelatorum
1504 1567 1667 1615 suorum

227 1668 417 1739 rnandata
445 1667 632 1760 proclivis
660 1671 701 1738 ct
729 1667 899 1762 impiger
918 1667 1004 1738 sine
1025 1664 1193 1764 [mora]¹
1227 1673 1403 1739 curreret
1425 1671 1668 1762 excipienda,

227 1815 298 1862 nec
337 1792 528 1864 indictam
569 1792 645 1862 sibi
684 1792 966 1880 obedientiam,
1003 1792 1107 1863 sicut
1141 1798 1337 1880 asserunt,
1367 1796 1436 1886 qui
1466 1794 1668 1881 viderunt,

226 1919 431 1988 occasione
461 1917 640 2010 qualibet
668 1921 879 1988 recusaret.
909 1915 960 1987 In
982 1915 1288 1989 infirmitatibus
1308 1923 1442 1989 autem
1464 1919 1546 1990 suis
1566 1920 1670 1990 mira

226 2041 483 2113 cernentibus
522 2041 739 2134 patientiae
777 2041 928 2112 virtute
967 2041 1143 2135 pollebat
1182 2041 1221 2111 in
1261 2046 1434 2131 tantum,
1469 2044 1574 2136 quod
1604 2067 1670 2115 ne-

226 2189 426 2261 quaquam
457 2166 521 2237 rel
550 2167 765 2236 mininrum
796 2166 1036 2242 turbationis
1054 2165 1250 2237 indicium
1270 2167 1383 2254 signo
1411 2173 1669 2254 monstraret3

227 2292 324 2385 quin
354 2291 487 2384 petius
509 2291 631 2384 juxta
659 2289 777 2362 Pauli
808 2291 1049 2362 sententiam
1079 2291 1295 2383 gloriosum
1331 2292 1406 2362 sibi
1436 2292 1671 2364 existimans

227 2415 413 2488 exteriori
443 2416 606 2487 homine
636 2415 845 2502 infirmari,
874 2415 1081 2485 fortiorem
1118 2421 1231 2510 gestu
1262 2437 1301 2486 se
1330 2439 1508 2487 asserens
1537 2419 1576 2487 et
1606 2439 1671 2508 po-

228 2547 378 2614 tentem
401 2541 553 2614 Christi
568 2541 760 2612 virtutem
782 2540 989 2611 mansione
1009 2541 1201 2612 continua
1220 2542 1280 2612 sui
1302 2542 1430 2612 cordis
1451 2541 1668 2634 hospitium

228 2667 428 2760 possidere
471 2665 657 2760 signavit.
701 2664 958 2758 Paupertatis
1001 2665 1163 2757 insuper
1205 2665 1478 2737 sanctissimae
1522 2667 1672 2736 zelator

228 2793 402 2864 existens
431 2791 498 2861 vix
527 2795 707 2862 extrema
735 2791 865 2860 victus
886 2795 934 2860 et
954 2789 1116 2860 habitus
1137 2791 1359 2861 necessaria
1379 2791 1607 2884 requirebat
1626 2813 1672 2862 ac

223 2915 408 3010 justitiae
438 2915 567 2986 cultor
597 2915 685 3008 pias
713 2914 886 3007 quietem
919 2913 1068 2984 silentii
1089 2914 1335 2985 observabat.
1358 2913 1486 3008 Super
1505 2916 1673 2986 afflictos

230 3062 336 3128 rere,
357 3061 549 3132 pauperes
568 3045 607 3110 et
636 3039 817 3109 intirmos
837 3038 998 3131 pietatis
1019 3037 1237 3108 visceribus
1257 3038 1446 3110 affluebat
1461 3044 1500 3110 et
1516 3040 1672 3111 delictis

229 3163 371 3234 alienis
400 3163 565 3234 caritate
593 3163 772 3233 fraterna
800 3162 1046 3255 compatiens
1076 3161 1186 3232 velut
1225 3163 1384 3255 propria
1426 3163 1670 3256 deplorabat.

230 3287 358 3358 Porro
387 3285 718 3379 (ronternplationi
747 3291 906 3357 sanctae
926 3286 1085 3356 deditus
1104 3281 1150 3383 (f.
1172 3282 1259 3384 37²)
1278 3287 1506 3358 orationum
1536 3289 1669 3388 studia

194 3401 199 3410 ’
229 3410 271 3481 in
302 3411 464 3504 negotia
496 3410 754 3482 lacrimarum
796 3415 1028 3480 convertere
1061 3410 1278 3504 satagebat,
1313 3433 1334 3480 e
1382 3410 1475 3480 licet
1514 3411 1672 3504 saepius

229 3535 270 3605 in
301 3533 548 3607 orationibus
585 3537 849 3628 pernoctaret,
879 3535 1209 3605 consuetudinem
1239 3538 1374 3606 tamen
1414 3534 1490 3606 sibi
1524 3537 1673 3608 fecerat

230 3681 353 3752 usque
383 3659 425 3729 in
455 3659 614 3731 tertiam
655 3659 794 3730 horam
835 3680 1088 3752 nequaquam
1118 3658 1159 3728 in
1189 3658 1396 3752 publicum
1425 3681 1466 3730 se
1495 3661 1671 3744 sufferre,

230 3807 280 3855 ne
309 3787 516 3876 perceptae
544 3783 755 3855 suavitatis
782 3782 945 3854 delicias
973 3783 1233 3875 occupatione
1253 3783 1433 3877 qualibet
1463 3784 1672 3856 immutari

229 3931 296 3980 seu
327 3907 458 3980 minui
487 3912 701 4000 pateretur.
732 3905 885 3980 Tantae
914 3909 1077 3978 demum
1106 3907 1211 3978 sicut
1238 3913 1423 3980 asserunt
1452 3908 1674 3980 honestatis

231 4033 365 4105 extitit
386 4053 530 4124 ¹servus
558 4031 649 4121 Dei,
670 4033 774 4126 quod
795 4032 928 4103 verbis
957 4032 1044 4126 ejus
1072 4035 1143 4102 aut
1162 4032 1284 4126 gestis
1306 4033 1456 4126 puerile
1480 4032 1583 4104 nihil
1603 4039 1674 4104 aut

231 4157 407 4228 levitatis
435 4155 629 4228 indicium
660 4157 823 4250 aliquod
842 4151 1080 4250 apparebat;
1110 4157 1177 4227 sed
1198 4179 1219 4227 e
1240 4157 1440 4228 contrario
1464 4157 1675 4250 gravitatis

231 4282 401 4353 eximiae
429 4282 559 4375 gratia
587 4280 797 4352 redimitus
825 4281 1012 4352 incedens
1044 4281 1346 4354 conversatione
1375 4280 1569 4351 laudabili
1598 4281 1675 4350 rir-

231 4405 330 4476 tutis
358 4404 562 4497 speculum
594 4408 634 4476 et
661 4404 950 4476 aedificationis
970 4404 1141 4496 spec-iem
1168 4405 1419 4476 intuentibus
1447 4404 1673 4476 exhibebat.

233 4527 371 4620 Hujus
399 4528 523 4622 igitur
551 4535 634 4600 tam
665 4529 840 4600 mirandi
870 4527 945 4600 viri
979 4532 1092 4622 gesta
1120 4529 1257 4598 (rrnnia
1286 4527 1577 4622 nen-cognovi,
1607 4529 1675 4600 sed

232 4651 329 4722 haee
347 4673 486 4744 pauca,
503 4675 604 4746 quae
623 4653 832 4724 brevitatis
846 4674 966 4723 causa
980 4652 1240 4745 praelibando
1255 4653 1485 4745 perstrinxi,
1501 4647 1672 4724 fratrum

233 4775 309 4847 tide
337 4775 550 4870 dignorum
588 4775 782 4848 relatione
816 4798 971 4847 necnon
1006 4779 1046 4847 et
1075 4776 1238 4847 testium
1262 4777 1494 4869 juratorum
1523 4777 1676 4870 deposi-

340 5054 349 5082 ²
367 5053 402 5107 In
422 5053 523 5108 eedlce
543 5053 668 5107 habetur
687 5053 804 5106 lacuna.
