3880 5568
565 333 620 384 nn
652 333 822 385 sarrin:
852 335 1076 386 nirouosro
1105 293 1391 386 xriass'auuxsr.

366 557 455 662 (le)
469 561 632 635 Meroua
651 547 909 652 Abbasarius,
925 564 973 635 de
989 565 1076 635 vico
1091 564 1218 635 saneti
1233 561 1261 635 J
1266 563 1458 653 uvenalis,
1472 564 1709 656 juramento

261 685 452 776 firmavit,
482 689 600 782 quod,
621 712 711 760 eum
743 689 851 760 filius
879 689 966 782 ejus
984 688 1208 760 illereuinua
1227 693 1338 782 peste
1361 687 1573 782 epileptica
1599 687 1709 759 labo-

260 819 379 898 raret,
409 811 525 882 fratri
556 811 774 884 Ambrosio
802 817 940 884 votum
962 813 1085 900 vovit,
1105 813 1224 905 quod,
1244 813 1277 883 si
1297 810 1501 883 Dominus
1528 813 1578 883 ab
1598 811 1708 882 iufir-

262 933 402 1006 mitate
420 937 621 1027 praedicta
641 937 950 1009 misericorditer
969 936 1158 1008 liberaret
1176 937 1375 1024 eumdem,
1396 929 1508 1006 omni
1528 939 1707 1028 tempore

260 1059 367 1131 vitae
387 1083 480 1132 suae
501 1062 776 1152 indigentibus
792 1082 863 1133 1111
879 1061 943 1133 die
963 1061 1023 1133 sui
1044 1061 1177 1132 obitus
1199 1062 1419 1133 necessaria
1447 1059 1706 1132 ministraret.

261 1183 386 1256 Facto
414 1186 538 1280 igitur
567 1190 660 1258 vote
688 1187 899 1258 confestim
930 1209 1029 1280 puer
1049 1187 1103 1256 ita
1134 1181 1487 1278 plene'convaluit,
1508 1187 1612 1278 quod
1633 1207 1707 1256 nee

261 1309 376 1402 signa
405 1310 534 1380 dietae
564 1311 732 1403 pertulit
759 1310 990 1404 passionis¹

156 1409 158 1420 ¹
323 1429 331 1442 '
367 1427 456 1532 (17)
472 1433 651 1506 Domina
669 1421 879 1505 Ilinnrnnte
895 1457 993 1506 uxor
1009 1434 1136 1506 Olusii
1157 1435 1205 1506 de
1225 1435 1313 1504 vieo
1333 1435 1460 1504 saneti
1475 1431 1673 1516 Faustini,
1692 1433 1704 1469 ‘²

254 1557 395 1650 jurata
423 1559 618 1651 deposuit,
639 1560 759 1656 quod,
780 1581 871 1630 eum
901 1559 1019 1630 amris
1048 1560 1235 1630 undeeim
1260 1558 1347 1651 jam
1379 1557 1524 1650 elapsis
1543 1558 1707 1628 morbus

261 1703 347 1751 eam
379 1682 550 1753 caducus
579 1683 715 1754 taliter
744 1684 981 1772 infestasset,
1002 1690 1047 1754 ut
1076 1683 1315 1776 quandoque
1335 1681 1415 1753 diei
1442 1682 1559 1753 unius
1579 1681 1709 1775 spatie

262 1829 405 1876 novem
428 1807 581 1879 vieibus
601 1807 848 1880 horribiliter
868 1806 1091 1896 vexaretur,
1112 1807 1219 1878 faeto
1239 1811 1332 1878 voto
1352 1807 1469 1878 fratri
1492 1803 1707 1878 Ambrosio

261 1931 311 2001 ad
340 1931 594 2023 sepulchrum
631 1933 718 2026 ejus
755 1934 921 2004 aeeessit
941 1933 1253 2004 misericordiam
1277 1932 1468 2003 invoeans
1496 1931 1707 2002 lmmiliter

261 2077 307 2126 ae
340 2057 492 2126 devote.
536 2055 713 2128 Rediens
751 2062 884 2129 autem
924 2055 1071 2127 mulier
1108 2056 1150 2127 in
1194 2057 1359 2128 demum
1399 2077 1510 2126 suam
1551 2055 1706 2126 meritis

261 2178 398 2250 fratris
426 2169 668 2251 satietisshni
698 2203 747 2252 ex
775 2180 845 2251 illo
873 2183 1050 2272 tempere
1079 2179 1259 2250 totaliter
1286 2177 1660 2264 11111111111111111111.3

368 2299 414 2400 (f.
438 2301 524 2402 ibt)
542 2300 631 2404 (18)
651 2304 788 2394 Pallia,
818 2307 866 2377 de
886 2305 974 2376 rire
994 2309 1154 2376 sanotae
1174 2303 1402 2393 Mustiolae,
1417 2305 1579 2399 juratus
1606 2325 1707 2375 asse·

263 2429 355 2517 ruit,
376 2429 494 2522 quod,
524 2452 614 2500 eum
645 2431 770 2502 frater
798 2431 898 2524 ejus,
928 2431 1154 2502 Lenitur-(lna
1182 2430 1358 2519 nomine,
1388 2429 1543 2501 duobus
1562 2428 1706 2500 mensi-

261 2553 334 2624 bus
355 2553 566 2647 epileptica
594 2563 703 2648 peste
732 2555 917 2626 laborans
945 2555 1050 2626 inter
1074 2555 1179 2626 diem
1202 2559 1242 2626 et
1260 2559 1419 2626 noctem
1440 2553 1725 2648 qnadraginta,

262 2677 417 2748 vieibus
463 2684 675 2750 vexaretur
718 2703 760 2750 es
794 2701 910 2750 suum
951 2679 1070 2772 quasi
1100 2679 1383 2751 daemoniacus
1420 2678 1705 2771 distorquendo

261 2806 301 2872 et
330 2801 570 2874 elamoribus
600 2803 787 2874 maximis
807 2803 1037 2897 inquietans
1057 2803 1276 2890 audientes,
1297 2804 1403 2874 inter
1432 2807 1564 2874 cetera
1583 2802 1706 2874 semel

218 3024 221 3031 Ι
261 2924 379 2996 dixit:
415 2925 579 2997 «Porta
609 2950 672 2998 me
701 2927 751 2999 ad
780 2927 982 2998 tumulum
1012 2927 1148 3000 fratris
1168 2925 1434 3015 Ambrosii3»
1465 2949 1584 3021 quem
1613 2949 1702 2996 eum

262 3049 391 3120 cultra
411 3051 643 3143 impositum
665 3059 775 3122 sexta
795 3074 916 3122 manu
938 3051 1149 3122 hominum
1180 3051 1396 3143 eomitatus¹
1423 3052 1473 3122 ad
1501 3050 1705 3121 tumulum

261 3173 357 3244 dieti
388 3175 523 3246 fratris
552 3174 678 3246 Pellis
706 3176 789 3268 ipse
819 3181 1024 3268 portasset,
1055 3183 1191 3246 votum
1224 3176 1336 3246 vovit
1364 3181 1404 3246 et
1423 3175 1542 3247 dixit:
1569 3203 1586 3240 ‹<
1609 3172 1707 3244 Pro·

262 3299 379 3370 mitto
399 3300 485 3386 tibi,
507 3305 642 3370 sancte
672 3297 876 3384 Arnlnnsi,
897 3301 1014 3392 quod,
1036 3299 1069 3370 si
1089 3301 1254 3371 tratrem
1276 3322 1412 3370 meum
1442 3299 1522 3370 tuis
1550 3297 1706 3369 meritis

262 3423 493 3494 liberaveris
508 3425 557 3494 ab
573 3423 810 3494 infirmitate
825 3425 1009 3517 pessima,
1026 3447 1104 3518 qua
1120 3431 1299 3512 vexatur,
1316 3422 1570 3516 sepulchrum
1588 3429 1702 3494 tunm

262 3570 351 3618 eum
383 3547 558 3641 imagine
587 3569 700 3618 eerea
727 3547 897 3619 visitabo
927 3555 966 3618 et
994 3548 1135 3619 devote
1165 3547 1239 3618 tibi
1274 3548 1444 3618 serviam
1489 3551 1573 3618 toto
1607 3551 1706 3618 tem-

261 3695 355 3764 pere
384 3672 491 3743 vitae
520 3693 643 3742 meae.
666 3699 683 3740 »
718 3671 842 3742 Facto
862 3675 995 3743 autem
1018 3677 1111 3742 voto
1131 3693 1264 3742 eoram
1285 3671 1442 3742 tumulo
1462 3672 1503 3742 in
1525 3672 1719 3742 oratione.

264 3802 500 3889 pernoetans
529 3819 646 3868 mane
662 3798 844 3890 sequenti
866 3819 934 3889 per
949 3797 1126 3891 ejusdem
1149 3797 1295 3867 merita
1314 3797 1492 3868 totaliter
1511 3795 1706 3867 liberatus

262 3921 428 4014 pedibus
458 3920 627 4014 propriis
656 3921 851 3992 remeavit
880 3921 929 3992 ad
960 3923 1069 3992 sua.⁴

368 4041 456 4145 (19)
477 4045 630 4136 Sibilia,
655 4069 754 4117 uxor
775 4045 966 4134 Oddouis,
982 4046 1217 4138 juramento
1246 4043 1433 4134 firmavit,
1464 4046 1582 4140 qued,
1612 4067 1702 4115 eum

262 4170 368 4241 tilius
389 4173 487 4264 eius,
513 4171 635 4242 (11111111
656 4171 831 4260 nomine,
852 4169 1100 4258 infirmitate,
1121 4164 1167 4267 (f.
1191 4165 1276 4268 78⁰)
1290 4193 1410 4264 quam
1441 4169 1618 4241 maniam
1640 4191 1706 4240 no-

263 4295 432 4381 minant,
455 4295 652 4366 laboraret
667 4295 735 4380 ita,
753 4295 857 4388 qued
874 4294 1098 4365 vexationis
1114 4299 1293 4388 tempore
1313 4317 1405 4365 vere
1424 4294 1706 4366 daemoniacus

209 4515 211 4520 Ι
262 4419 477 4506 videretur,
498 4420 689 4490 suadente
708 4419 837 4490 milite
857 4419 1043 4512 quodam,
1061 4417 1221 4489 Tinatio
1238 4419 1412 4508 nomine,
1429 4418 1518 4490 Deo
1534 4423 1574 4490 et
1589 4418 1705 4490 fratri

802 4601 1149 4609 ...--——-—-.-———

369 4714 378 4741 ²
397 4712 440 4766 Cf.
463 4712 556 4778 Frui,
578 4712 596 4765 l.
619 4727 644 4766 e.
666 4727 734 4780 pag⁸
758 4711 809 4763 133
828 4709 856 4780 (r
872 4709 969 4763 Marce
988 4707 1144 4763 Albnsario
1159 4727 1185 4776 »,
1204 4707 1384 4762 «Mercurio
1401 4707 1438 4760 »1.

368 4809 376 4834 2
397 4801 495 4856 Codex
516 4817 631 4870 semper
650 4803 836 4864 «tustini»,
859 4799 939 4853 Frui
961 4799 1173 4853 «Faustino».

369 4889 442 4944 ¹01.
466 4891 556 4958 Frui,
578 4889 597 4942 1.
619 4907 644 4943 e.
668 4895 738 4960 pag:
760 4891 820 4942 131.

368 4977 441 5032 ⁴01.
464 4979 556 5046 Frui,
577 4979 597 5032 1.
619 4994 644 5031 e.
667 4994 734 5048 pag.
758 4978 817 5030 129.
