3880 5568
510 429 567 480 nn
595 429 769 482 urmrnn
799 429 1022 482 Aironosro
1052 429 1339 484 irasssxnssr.
1600 399 1649 484 57

313 658 370 751 (6)
399 657 580 730 Domina
596 657 760 748 Amata,
778 684 876 732 uxor
896 657 1085 732 Andreae
1104 662 1153 733 de
1173 660 1362 745 Paterno,
1381 663 1651 755 jurejurando

206 782 396 872 firmarit,
413 785 531 878 qnod,
548 806 639 854 eum
656 785 865 871 lohannes,
883 783 1125 879 filiusipsius
1136 808 1204 878 per
1219 809 1370 857 anuum
1390 783 1461 882 [et]
1478 787 1652 882 amplius

207 929 282 977 usu
310 909 582 980 membrorum
613 909 765 980 sinistri
794 909 930 982 lateris
958 910 1062 982 foret
1089 910 1268 982 totaliter
1296 911 1524 996 destitutus,
1545 912 1652 982 facto

207 1035 300 1103 roto
328 1033 444 1104 t'ratri
475 1031 693 1105 Ambrosio
722 1035 772 1105 ad
800 1033 1057 1127 sepulchrum
1087 1035 1175 1128 ejus
1194 1034 1345 1106 dietum
1367 1015 1538 1128 puerum
1558 1057 1647 1104 cmo

206 1156 350 1227 ricinis
379 1157 560 1250 pluribus
588 1157 825 1251 deportavit.
857 1158 939 1229 Ubi
977 1181 1068 1230 cum
1107 1165 1223 1230 noete
1261 1164 1345 1230 tota
1378 1159 1549 1253 pervigil
1587 1181 1651 1229 ex-

206 1280 399 1370 cubasset,
429 1263 547 1352 mane
577 1283 758 1376 sequenti
788 1305 887 1377 puer
917 1283 998 1376 ipse
1027 1283 1216 1377 suffragio
1244 1283 1381 1354 fratris
1410 1283 1652 1354 sanctissimi

208 1405 436 1498 plenissime
465 1407 658 1478 liberatus
700 1430 790 1478 cum
823 1411 951 1478 matre
978 1429 1049 1478 sua
1079 1407 1274 1478 remearit
1302 1407 1351 1478 ad
1380 1407 1541 1502 propria
1570 1406 1653 1478 lau·

205 1530 305 1600 dans
334 1529 483 1602 Deum.

315 1655 372 1749 (t)
390 1657 606 1728 Borriacosu
628 1658 676 1728 de
697 1658 784 1727 rico
804 1657 929 1728 sancti
952 1654 1146 1748 Stephani
1159 1657 1298 1749 jurata
1317 1657 1512 1749 deposuit,
1533 1658 1651 1751 qnod,

206 1803 297 1849 oum
328 1781 392 1851 die
420 1783 593 1876 quadam
624 1782 671 1852 ad
702 1803 871 1872 granum
903 1781 1069 1851 tendens
1107 1779 1251 1851 calcios
1292 1803 1383 1852 suos
1421 1803 1445 1851 a
1478 1782 1649 1874 quodam

206 1905 414 1996 repetisset
452 1907 661 1994 instanter,
692 1910 731 1976 et
773 1905 856 1998 ipse
899 1927 969 1998 pro
1011 1905 1267 1976 festinatione
1310 1905 1466 1978 itineris
1503 1906 1653 1998 pariter

207 2028 427 2118 festinaret,
458 2031 515 2101 ita
543 2031 697 2118 cecidit,
728 2031 833 2124 qnod
863 2053 930 2123 pes
959 2031 1046 2124 ejus
1074 2029 1233 2101 sinister
1261 2030 1397 2102 taliter
1425 2031 1653 2108 confractus

208 2153 312 2250 [est],
344 2161 388 2226 ut
425 2178 472 2226 ex
511 2156 749 2227 retractione
787 2177 1001 2226 nervorum
1033 2153 1172 2248 planta
1201 2155 1311 2248 pedis
1340 2155 1436 2226 dicti
1470 2155 1652 2248 superius

136 2275 167 2345 ¹.
208 2285 440 2352 verteretur.
471 2279 637 2352 Vorens
666 2281 789 2370 igitur
816 2281 933 2350 fratri
957 2278 1175 2351 Andirosio
1195 2280 1257 2350 vir
1276 2280 1513 2372 praedictus,
1534 2281 1652 2374 quod,

207 2404 240 2474 si
269 2405 502 2498 dignaretur
533 2401 769 2476 Altissimus
797 2426 867 2498 per
895 2403 1020 2496 ipsius
1057 2405 1202 2476 merita
1231 2403 1277 2496 (f.
1296 2402 1378 2496 W)
1408 2427 1499 2475 eum
1538 2405 1653 2475 mise-

208 2529 414 2600 ricorditer
435 2529 672 2617 liberarem
695 2529 782 2621 ejus
802 2551 958 2622 semper
977 2529 1140 2600 servitio
1160 2533 1424 2622 permaneret,
1441 2528 1651 2600 confestim

207 2674 295 2726 essa
314 2653 424 2745 pedis
452 2653 747 2746 aliquantulum
780 2653 975 2746 crepitare
1003 2659 1230 2746 coeperunt,
1252 2657 1291 2724 et
1311 2653 1449 2746 planta
1468 2653 1651 2724 deorsum

208 2799 321 2848 versa
341 2777 547 2850 restitutus
567 2785 626 2848 est
646 2777 754 2848 illico
779 2777 957 2866 sanitati,
979 2776 1050 2871 [et]
1071 2778 1237 2871 pedibus
1256 2777 1426 2872 propriis
1446 2777 1509 2849 die
1529 2777 1654 2848 altera

208 2901 334 2972 sancti
363 2902 440 2972 riri
469 2899 611 2973 limina
640 2903 857 2974 r·isitarit.¹
1067 2907 1072 2916 ’
1463 2883 1465 2890 ’

314 3021 376 3126 (8)
395 3025 547 3098 Mulier
566 3028 775 3120 quaedam,
796 3025 884 3098 Por
903 3027 1080 3115 nomine,
1097 3027 1332 3120 juramento
1352 3026 1568 3097 constricta
1596 3047 1654 3097 re-

207 3151 380 3244 spondit,
410 3153 528 3244 quod,
558 3175 648 3222 cum
679 3152 797 3224 armis
825 3171 851 3222 x
882 3155 968 3223 toto
997 3173 1159 3244 corpore
1188 3151 1365 3223 cruciata
1393 3150 1653 3244 cruribusque

152 3355 155 3360 ¹
207 3283 411 3350 contracta
439 3299 692 3371 nequaqnam
723 3299 882 3370 surpere
903 3281 1059 3370 poterat
1078 3299 1148 3370 per
1176 3299 1216 3348 se
1245 3277 1386 3371 ipsam,
1407 3277 1470 3346 rir
1489 3277 1651 3370 quidam

208 3400 480 3473 misericordia
516 3407 649 3471 motus
686 3423 804 3494 super
836 3423 924 3472 eam
954 3402 1004 3472 ad
1032 3401 1168 3472 fratris
1199 3398 1405 3470 Arnbrosii
1448 3399 1650 3471 tumulum

207 3527 332 3620 ipsam
364 3526 542 3597 hrrrneris
583 3527 822 3618 deportarit.
853 3525 1085 3598 Constituto
1122 3549 1215 3620 ergo
1253 3525 1399 3598 mulier
1436 3547 1569 3596 coram
1608 3547 1654 3595 eo

208 3663 346 3723 votnm
378 3651 489 3722 rorit
517 3655 556 3722 et
585 3652 706 3723 dixit:
743 3651 908 3723 «Beate
938 3649 1156 3724 Arrrbrosi!
1182 3650 1509 3722 'misericordiam
1541 3653 1652 3720 tuam
1760 3672 1765 3682 ·

207 3777 350 3847 inroeo
381 3798 528 3847 vorens
557 3777 644 3862 titi,
665 3778 784 3870 quod,
814 3778 846 3846 si
875 3777 956 3848 tuis
984 3777 1139 3849 meritis
1168 3776 1354 3869 consequi
1385 3783 1522 3870 potero
1552 3775 1654 3846 sani-

208 3907 346 3990 tatem,
367 3903 509 3972 devota
529 3902 602 3974 tibi
623 3903 794 3972 serviam
811 3925 873 3972 om
882 3903 921 3973 ni
947 3909 1124 3995 tempore
1140 3902 1247 3972 ritae
1262 3923 1386 3972 meae.
1407 3927 1424 3966 s
1450 3898 1518 3971 Ad
1539 3900 1654 3993 enjus

206 4025 500 4096 invocationem
531 4025 588 4096 ita
617 4026 732 4119 plene
762 4027 967 4097 convaluit
1009 4027 1154 4097 mulier
1190 4011 1322 4097 eoram
1354 4025 1554 4112 omnibuS,
1584 4025 1652 4117 qui

206 4151 430 4238 adstabant,
460 4152 564 4244 quod
595 4173 664 4243 per
693 4172 733 4221 se
762 4138 858 4220 sana
879 4153 918 4221 et
938 4149 1150 4221 incolumis
1170 4150 1219 4220 ad
1240 4147 1651 4241 propria1·e1neavit.²

314 4269 377 4374 (9)
399 4276 610 4367 Itoaoprou
631 4273 852 4346 Perusinus
865 4275 1028 4368 juratus
1047 4273 1239 4360 assernit,
1260 4273 1378 4366 quod,
1404 4295 1493 4342 cum
1525 4271 1654 4342 tinam

106 4443 108 4454 =
207 4401 424 4495 ‹pramdam
453 4422 542 4472 eum
587 4399 703 4470 sociis
739 4401 978 4493 deportaret,
1009 4421 1054 4468 ac
1091 4397 1212 4468 ceteri
1242 4396 1364 4490 pressi
1394 4397 1566 4489 pondere
1594 4397 1652 4466 fu·

208 4525 360 4614 pientes
380 4547 481 4596 onus
501 4529 631 4596 totum
654 4524 729 4618 [in]
751 4525 880 4617 ipsum
903 4523 1106 4593 incautius
1125 4521 1381 4610 dimisissent,
1402 4521 1542 4614 pedem
1567 4520 1655 4613 ejus

207 4657 288 4720 tam
319 4651 494 4744 graviter
522 4644 568 4747 (f.
587 4646 671 4750 74⁰)
700 4649 996 4742 confregerunt,
1026 4647 1133 4742 (puod
1162 4647 1296 4718 decem
1329 4646 1527 4716 mensium
1558 4649 1655 4716 tem-

1551 4828 1654 4840 -.,,,,,

316 4955 324 4982 ¹
344 4953 387 5008 Cf.
409 4955 502 5020 Frui,
524 4955 543 5007 l.
565 4970 591 5007 c.
613 4969 681 5024 pag.
703 4955 754 5006 136
774 4954 802 5022 (r
817 4954 982 5008 Benincasa
1000 4952 1030 5006 di
1050 4951 1181 5006 Amedeo
1196 4951 1233 5018 a).

313 5041 385 5097 ²01.
408 5043 532 5098 Tossrs.
555 5043 574 5095 l.
596 5058 621 5096 c.
643 5043 693 5096 tot.
715 5041 766 5096 73¹*
787 5049 816 5098 et
836 5043 928 5108 Frm,
951 5041 970 5095 l.
992 5058 1017 5096 c.
1040 5057 1108 5111 pag.
1132 5042 1193 5094 130.
