3880 5568
670 451 727 502 nu
762 451 900 504 lamro
934 453 1221 505 urrxnrmrrro
1614 439 1663 511 51

219 685 381 756 dextera
409 689 450 754 et
477 684 591 754 laeva
619 684 710 754 duri
739 688 906 777 poterat,
937 706 1015 777 quo
1036 683 1206 756 volebat.
1236 684 1367 779 Digiti
1396 709 1554 780 queque
1584 711 1666 760 ma-

220 803 345 880 nuuin
376 807 544 879 ductiles
573 807 811 892 existebant,
832 813 964 878 cetera
982 830 1076 878 vero
1106 810 1287 879 memlna
1306 810 1443 880 ouuria
1471 811 1561 906 plus
1581 813 1663 884 rivi

219 931 395 1002 bominis
423 953 544 1025 quam
578 932 727 1002 mortui
756 932 1015 1025 apparebant,
1047 936 1211 1025 totaque
1240 955 1330 1002 caro
1360 935 1486 1027 ipsius
1515 936 1556 1022 (f.
1584 935 1662 1024 blf)

209 1056 332 1149 qnasi
360 1057 507 1127 sudans
537 1055 705 1126 humida
733 1054 1006 1148 permanebat.
1605 1038 1608 1042 ⁸

326 1179 564 1274 Supradicta
591 1180 715 1272 igitur
743 1180 903 1252 divinae
932 1201 1053 1274 opera
1087 1181 1311 1274 majestatis
1343 1183 1392 1252 ad
1432 1182 1555 1275 ipsius
1583 1184 1664 1276 glo-

218 1307 318 1377 riam
349 1328 395 1376 ae
422 1305 558 1377 fratris
601 1305 759 1376 laudem
804 1303 1046 1376 sanctissimi
1076 1307 1244 1376 veritato
1273 1307 1436 1399 praevia
1459 1307 1580 1400 juxta
1609 1315 1664 1379 te-

171 1405 177 1414 ’
217 1432 414 1503 nuitatem
459 1429 611 1522 ingenii
656 1429 850 1517 hactenus
892 1429 1091 1522 prosecuti
1120 1429 1331 1501 brevitatis
1373 1431 1505 1502 studio
1547 1432 1664 1525 plura

217 1555 377 1627 silentio
415 1554 716 1648 pertransinms.
747 1552 861 1624 Haec
890 1557 1025 1624 tamen
1069 1554 1273 1647 paneade
1303 1554 1485 1647 pluribus
1513 1561 1553 1626 et
1582 1578 1663 1626 rer-

217 1679 386 1750 tioribus
414 1678 556 1771 delegi,
587 1683 631 1748 ut
650 1677 825 1772 relegato
846 1677 1003 1770 legendi
1031 1677 1194 1748 fastidio
1214 1677 1280 1771 pia
1308 1679 1478 1749 fratrum
1501 1680 1662 1750 devotio

217 1800 408 1900 [babeat],
429 1803 574 1897 quibus
593 1825 633 1872 se
653 1801 839 1872 laudibus
858 1805 1023 1894 occupet
1043 1800 1284 1892 Conditoris,
1305 1807 1344 1872 et
1361 1799 1462 1898 [qui]
1484 1803 1572 1896 plus
1592 1825 1663 1873 no·

216 1928 348 2000 verint
367 1930 417 2000 ad
445 1926 763 1999 aedificationem
794 1925 884 1998 lidei
915 1927 963 1998 de
991 1926 1190 1998 similibus
1209 1949 1406 2014 enarrare,
1428 1949 1584 2021 semper
1604 1929 1662 1998 in-

216 2054 352 2124 venire
382 2053 554 2140 valeant,
584 2052 688 2145 quod
718 2051 861 2121 honori
890 2051 1050 2122 divinae
1071 2051 1293 2143 majestatis
1317 2052 1577 2146 adjungant¹

245 2159 251 2170 ”
323 2177 495 2270 Iolrplioil
524 2178 568 2246 dc
598 2176 793 2246 tirunculis
813 2173 964 2270 fratris
994 2176 1235 2246 Benearnnli.

270 2427 441 2497 lxvll’l'r
471 2446 529 2496 llll
559 2443 798 2496 orlandinus
829 2443 1012 2495 sitarum
1038 2423 1264 2495 Anllrlursll
1285 2421 1605 2498 Massnnnxsls

323 2676 502 2748 Auditor.
533 2674 657 2746 Plura
682 2675 796 2762 milri,
821 2677 961 2763 t'ateor,
990 2674 1040 2745 de
1068 2675 1222 2746 duobus
1244 2675 1333 2770 jam
1363 2674 1554 2747 fratrilms
1592 2677 1661 2750 ad·

130 2895 135 2904 ¹
215 2801 400 2874 miranda
427 2801 620 2883 narrasti;
651 2823 758 2871 nunc
787 2787 881 2894 rogo
901 2799 949 2870 de
978 2798 1155 2892 reliquis,
1176 2821 1346 2892 quorum
1367 2802 1478 2892 gesta
1498 2785 1658 2892 retines,

217 2937 261 3000 ut
290 2926 567 3020 spoponderas,
598 2925 698 2996 mibi
728 2925 880 3019 aliquid
909 2923 1107 3016 adjicere²
1139 2923 1327 3016 digneris.

325 3051 531 3124 librator.
548 3049 691 3121 Frater
706 3047 967 3120 Anmaosrus
983 3048 1031 3119 de
1051 3046 1263 3118 ,llosrmme
1283 3047 1458 3120 civitatis
1477 3049 1659 3142 partibus

214 3183 345 3249 ortum
376 3175 551 3265 trahens,
582 3175 664 3246 vita
692 3172 884 3245 laudabili
914 3175 953 3242 et
981 3172 1136 3244 actibus
1165 3171 1354 3243 virtuosis
1382 3173 1564 3267 insignis,
1590 3197 1659 3245 an-

212 3303 368 3396 tiquam
391 3300 660 3373 Urbisveteris
679 3299 848 3393 gloriam
877 3297 1139 3370 sacramentis
1167 3297 1405 3370 coelestibus
1433 3298 1657 3371 innovavit.

214 3425 283 3496 Ab
313 3426 357 3518 (f.
376 3417 464 3523 (Ψ)
489 3423 663 3496 infantia
691 3422 837 3516 quippe
866 3445 938 3492 sua
966 3422 1073 3492 riam
1103 3421 1373 3513 simplicitatis
1415 3421 1657 3516 ingrediens,

212 3549 483 3622 saecularibus
502 3548 596 3618 licet
615 3547 770 3619 actibus
797 3547 1039 3640 implicatus,
1060 3545 1109 3616 ab
1129 3545 1192 3616 bis
1211 3550 1346 3618 tamen
1368 3546 1491 3636 vitiis,
1513 3547 1658 3640 quibus

213 3674 389 3770 generali
419 3673 672 3766 corruptione
701 3671 929 3766 propaginis
970 3666 1093 3742 scatet
1136 3671 1323 3758 numdus,
1354 3671 1534 3776 animum
1567 3694 1659 3742 con-

211 3821 370 3870 servare
399 3797 605 3891 satagebat
645 3797 868 3868 immunem
899 3800 938 3866 et
966 3799 1095 3865 aetate
1126 3794 1347 3887 juvencula
1385 3795 1654 3865 venerandam

213 3945 371 3994 urorum
402 3922 589 3993 canitiem
620 3921 696 4014 piis
724 3919 880 3993 actibus
906 3918 1130 3990 exhibebat.
1162 3917 1318 3988 Revera
1354 3917 1461 3988 enim
1491 3940 1583 3988 eum
1613 3918 1654 3988 in
1711 3989 1714 3994 ,

211 4047 342 4141 primo
366 4046 596 4140 juventutis
624 4045 719 4115 tlore
748 4043 972 4114 litterarum
1018 4043 1159 4114 studiis
1203 4065 1243 4112 se
1272 4041 1462 4135 puerulus
1505 4041 1656 4112 manci-

212 4175 344 4265 passet
371 4193 417 4240 ac
459 4168 688 4270 nonnullos
717 4167 1053 4238 collectaneorum
1093 4189 1254 4237 suorum
1285 4189 1355 4259 per
1387 4165 1558 4259 abrupta
1600 4167 1657 4236 vi-

212 4297 376 4384 tiorum,
406 4297 452 4366 ut
479 4292 623 4365 assolet
651 4297 759 4362 aetas
788 4290 870 4379 illa,
900 4295 1079 4361 cerneret
1113 4290 1353 4374 incedentes
1383 4289 1550 4384 dignum
1581 4290 1655 4361 sibi

206 4421 294 4512 jam
326 4443 374 4490 ex
402 4421 499 4490 tune
529 4415 689 4488 Sancto,
706 4411 859 4508 Spiritu
887 4413 1136 4484 domicilium
1166 4435 1401 4507 praeparare
1426 4413 1657 4507 complexus

212 4549 271 4615 est
299 4543 539 4615 coelibatum
570 4539 634 4612 eta
671 4538 924 4632 pubescentis
952 4537 1093 4608 aetatis
1121 4536 1238 4608 initia
1270 4537 1494 4608 munditiae
1528 4538 1656 4632 gloria

212 4671 478 4739 condecorans
520 4664 777 4756 semetipsum
806 4660 986 4732 Domino
1015 4660 1213 4754 primitias
1254 4661 1514 4732 consecrarit.
1550 4659 1654 4732 Oum

316 4891 389 4948 ²Ct'.
412 4893 484 4964 Leg.
506 4892 529 4945 Α
551 4889 580 4946 S.
601 4890 723 4945 Antonii
744 4889 820 4958 Pau,
842 4889 862 4942 l.
884 4905 909 4942 e.
931 4903 999 4958 pag.
1022 4888 1064 4941 26.

316 4987 325 5014 ¹
346 4982 445 5038 Codex
465 4981 667 5049 «accipere».

315 5075 325 5102 ³
346 5072 445 5129 Codex
465 5073 531 5126 «de
544 5090 569 5124 r.
