3880 5568
580 411 638 464 uu
669 411 706 462 n.
737 400 986 464 1111111110
1015 403 1281 464 1111011111.
1607 390 1658 462 85

211 645 255 714 in
283 643 436 715 cervice
465 645 534 731 ita,
564 645 741 738 quodos
770 643 920 714 dictum
951 665 975 713 a
1002 647 1147 716 meatu·
1167 643 1342 738 gutturis
1361 642 1535 732 exsiluit,
1552 645 1659 736 quod

210 771 252 838 et
280 789 404 838 manu
433 769 594 862 propria
622 768 664 839 iu
693 769 865 870 signum¹
897 767 1049 860 gratiae
1086 768 1135 840 ad
1168 768 1305 839 fratris
1346 767 1551 838 tumulum
1594 768 1659 839 de-

211 892 400 984 portavit.

319 1017 376 1110 (5)
398 1009 477 1090 Vir
496 1017 658 1110 qnidam
678 1016 726 1086 de
747 1021 875 1108 castro
895 1014 1042 1104 Trebii,
1069 1015 1257 1086 Petroniis
1285 1016 1461 1103 nomine,
1491 1039 1581 1086 eum
1613 1017 1655 1088 111

209 1141 377 1212 ecclesia
405 1143 532 1213 sancti
562 1139 758 1212 Feliciaui
788 1141 894 1234 apud
913 1139 1157 1235 Fulgineum
1194 1135 1392 1211 laboraret
1420 1141 1470 1212 ad
1498 1163 1658 1234 compo-

209 1239 397 1337 sitionem
427 1265 604 1338 fabricae
633 1265 895 1359 supradictae,
926 1263 1081 1356 lignum
1111 1265 1311 1358 quoddam
1342 1287 1431 1336 cum
1456 1265 1572 1337 sociis
1595 1267 1657 1336 in-

210 1393 448 1480 strumente,
463 1391 572 1484 qrrod
595 1411 713 1484 aspus
733 1390 891 1478 dicitur,
912 1389 1107 1461 elevabat.
1129 1388 1313 1484 Cumque
1338 1411 1431 1482 prae
1459 1391 1658 1485 gravitate
1704 1475 1710 1492 ·
1785 1397 1790 1414 '

209 1516 409 1607 ponderis,
439 1515 546 1609 quod
575 1515 800 1602 trabebant,
819 1507 935 1584 'uuus
963 1537 1012 1585 ex
1040 1513 1157 1584 soeiis
1185 1514 1404 1603 defecisset,
1445 1515 1655 1586 dimissum

208 1639 295 1731 aspi
324 1639 573 1710 brachiolum
596 1641 646 1710 ab
675 1640 811 1710 eodem
843 1639 995 1710 dictum
1032 1637 1253 1710 Patronem
1289 1641 1465 1732 graviter
1494 1640 1658 1732 impulit

207 1785 257 1833 ae
285 1765 452 1834 rotando
481 1785 599 1856 super
627 1764 733 1834 muri
762 1764 953 1834 fabricam
985 1764 1115 1856 ipsum
1136 1763 1336 1835 violenter
1363 1765 1542 1857 projecit,
1564 1765 1657 1836 inde

211 1909 305 1957 vero
333 1889 541 1981 sexaginte
569 1889 714 1980 pedum
745 1881 959 1959 altitudine
988 1911 1176 1960 corruens
1204 1910 1322 1981 super
1354 1894 1499 1972 terram
1546 1893 1658 1982 puta-

210 2012 330 2083 batur
358 2012 408 2082 ab
434 2013 625 2083 oninibns
645 2013 994 2084 irremediabiliter
1012 2016 1310 2108 conquassatus.
1334 2013 1401 2085 Ad
1424 2037 1655 2107 quomrum

95 2184 99 2196 ·
208 2137 360 2230 singuli
377 2137 534 2209 ululatu
550 2137 681 2209 multo
701 2159 746 2208 ac
766 2138 934 2230 strepitu
955 2139 1261 2226 concurrissent,
1282 2138 1352 2232 qui
1372 2139 1581 2228 ceciderat,
1601 2140 1657 2210 sie

209 2263 432 2355 respoudit:
459 2261 631 2333 «Nolite
650 2261 744 2332 llere
765 2284 882 2355 super
902 2269 978 2351 ine,
999 2263 1094 2356 qnia
1113 2262 1266 2333 nnllam
1290 2263 1330 2332 in
1353 2265 1398 2355 (f.
1422 2261 1532 2346 1121’)
1564 2287 1655 2334 mee

209 2409 372 2480 corpore
401 2387 530 2458 sentio
558 2386 794 2476 laesionem3
832 2409 926 2458 uam
958 2409 1048 2458 cum
1087 2388 1283 2477 caderem,
1313 2387 1526 2460 ridebatur
1556 2389 1656 2460 mibi

208 2511 396 2583 columba
424 2511 630 2606 quaedam
651 2510 725 2582 sub
754 2511 920 2604 pedibus
949 2510 1129 2600 volitare,
1159 2533 1261 2605 quac
1303 2513 1457 2584 ruentis
1495 2534 1657 2586 coneus-

210 2637 363 2708 sionem
409 2635 586 2730 corporis
627 2634 897 2728 mitigabat.»
933 2634 1049 2727 Quod
1078 2636 1272 2707 nimirum
1302 2637 1462 2708 divinae
1493 2638 1656 2710 virtutis

209 2761 368 2856 signum
391 2761 526 2831 fratris
546 2758 777 2831 Hermanni
798 2759 951 2832 meritis
984 2761 1211 2832 eraderetur
1230 2764 1516 2854 perpetratum,
1537 2785 1657 2856 supra

208 2886 326 2980 eujus
356 2885 572 2974 tumulum,
594 2884 688 2956 licet
708 2884 944 2956 mortalibus
964 2890 1061 2956 tunc
1084 2885 1282 2974 ignotum,
1302 2885 1446 2957 cecidit
1465 2887 1527 2957 vir
1546 2910 1656 2982 prae-

208 3010 359 3098 dietus3
392 3011 495 3080 unde
523 3017 734 3102 postquam
764 3027 906 3102 eorpus
939 3010 1027 3102 ejus
1064 3009 1200 3080 extitit
1236 3009 1373 3081 divina
1410 3011 1656 3084 revelatione

209 3137 474 3226 eorupertum,
504 3134 683 3204 innotuit
711 3133 898 3204 omnibus
927 3133 1152 3220 manifeste,
1182 3135 1286 3226 quod
1316 3135 1358 3204 in
1387 3135 1474 3208 loeo
1502 3135 1657 3208 funeris

208 3259 346 3328 fratris
374 3257 471 3328 dieti
500 3261 802 3328 conservaretur
830 3250 1001 3328 illaesus.
1055 3311 1059 3318 .

319 3380 521 3453 Asserunt
549 3381 686 3466 etiam,
716 3381 785 3474 qui
814 3381 1015 3471 viderunt,
1046 3379 1151 3475 qued
1180 3383 1390 3454 demedio
1410 3383 1492 3456 1111
1512 3383 1656 3478 lapidis

202 3506 327 3599 juxta
354 3506 559 3578 tumulum
589 3505 664 3576 viri
694 3505 773 3576 Dei
803 3505 845 3575 in
865 3506 985 3576 altari
1013 3511 1288 3578 constructum
1318 3511 1491 3580 ecstate¹
1523 3510 1657 3586 media

208 3653 313 3724 aqua
331 3631 521 3724 guttatim
542 3634 657 3702 exeat
675 3630 788 3701 velut
817 3653 984 3717 mauua3
1010 3632 1116 3724 qued
1140 3632 1330 3702 nonnulli
1358 3633 1570 3706 artificiose
1599 3635 1656 3705 fa-

206 3760 318 3826 ctum
348 3755 588 3826 extimantes
613 3777 757 3848 aquam
780 3757 904 3848 ipsam
926 3755 1084 3849 saepius
1113 3757 1388 3850 extergebaut;
1409 3760 1477 3830 sed
1498 3759 1654 3834 nullam

205 3879 390 3952 fissuram
429 3879 575 3972 lapidis
602 3878 844 3972 reperientes
871 3879 1009 3951 fratris
1033 3880 1275 3952 sanctissimi
1295 3883 1451 3955 meritis
1471 3884 1656 3956 tribuunt

207 4003 309 4076 haee
338 4003 553 4097 praedicta.
585 4101 588 4108 Ι

420 4229 618 4345 (depositor
646 4252 841 4342 clinlopnm
865 4252 993 4342 propit
1022 4252 1181 4321 01111101·
1201 4248 1279 4344 jbl.
1315 4255 1333 4321 1
1341 4255 1435 4340 137:

314 4499 499 4570 Auditor:
527 4499 675 4570 Adbuc
705 4499 877 4584 obsecro,
906 4499 1033 4569 frater
1061 4519 1163 4587 care,
1196 4501 1408 4591 quatenus,
1438 4497 1471 4569 si
1500 4499 1656 4592 quade

208 4630 438 4697 nostrornm
467 4624 588 4718 gestis
621 4624 791 4710 fratrum
814 4622 1077 4714 praeterlata,
1107 4645 1208 4716 quac
1237 4619 1418 4716 supe'rins
1446 4622 1654 4711 enarrasti,

208 4749 443 4820 memoriter
471 4748 631 4836 retines,
661 4747 898 4839 supradietis
926 4745 1100 4840 adjicere
1129 4769 1209 4818 non
1240 4747 1418 4818 moreris.
1695 4729 1699 4743 ⁵

316 5047 326 5076 ²
346 5044 447 5100 Codex
466 5063 482 5096 «
495 5046 659 5099 constructi
673 5063 699 5112 a,
721 5063 737 5096 s
751 5049 829 5100 etate
842 5063 868 5100 ›>.
