3902 5570
290 369 340 440 :36
732 389 790 440 na
821 389 962 441 urimo
995 389 1296 442 remansuro.

291 621 503 692 hominum
533 623 724 714 separatis
748 622 913 691 onmino
933 621 1162 714 disponeret
1182 621 1374 692 babitare.
1397 621 1579 714 Contigit
1597 627 1731 692 autem

291 748 456 817 fratrem
488 719 808 834 Beneronutum,
838 746 933 816 dum
964 746 1095 816 adhue
1123 746 1289 833 viveret,
1310 747 1357 816 ad
1383 747 1548 817 domum
1569 746 1656 839 ejus
1675 769 1736 816 ar-

291 872 429 942 oedere
457 893 528 963 pro
558 871 727 963 petendo
750 869 952 962 jumento,
983 893 1062 964 quo
1092 871 1235 942 fratres
1263 870 1313 940 ad
1341 871 1556 964 portandas
1584 865 1734 971 (faor)

291 995 446 1088 tegulas
484 994 729 1088 indigebant.
770 993 859 1084 Qua
895 1017 935 1065 se
973 995 1115 1065 devote
1153 994 1277 1087 ipsius
1314 994 1496 1087 precibus
1534 1015 1734 1066 commen-

291 1121 411 1190 dante
445 1119 670 1190 consolatus
699 1124 758 1190 est
786 1119 937 1190 dioens:
973 1149 990 1186 «
1022 1118 1231 1190 Patienter
1259 1141 1343 1210 age,
1374 1119 1468 1208 filia,
1498 1124 1538 1190 et
1567 1119 1733 1209 ronfide,

291 1245 386 1338 quia
418 1216 496 1314 eito
538 1243 610 1315 tibi
655 1241 856 1316 Dominus
890 1243 1203 1316 misericordiam
1241 1245 1479 1337 providebit.
1518 1273 1533 1305 »
1573 1243 1737 1316 Modico

292 1369 415 1463 igitur
443 1375 621 1460 tempore
655 1368 903 1456 decurrente,
937 1390 1028 1438 eum
1058 1368 1145 1461 jam
1182 1369 1312 1440 dirtus
1340 1369 1465 1440 frater
1493 1368 1666 1456 obiisset,
1696 1375 1735 1441 et

294 1494 416 1584 ipsius
444 1515 606 1586 eorpore
624 1492 683 1588 ‚in
720 1491 885 1563 eeclesia
917 1492 1044 1564 saneti
1082 1491 1207 1576 Petri,
1238 1493 1307 1564 ubi
1342 1491 1501 1586 sepeliri
1530 1495 1734 1583 debuerat,

291 1618 510 1689 constituto
548 1618 655 1688 dieta
693 1621 877 1686 matrona
914 1639 1006 1687 eum
1046 1617 1212 1689 rubore¹
1245 1639 1325 1688 non
1359 1618 1517 1689 modieo
1554 1623 1594 1689 et
1627 1641 1735 1689 reve-

294 1743 422 1814 rentia
441 1742 590 1835 pariter
618 1743 668 1812 ad
696 1742 819 1812 funus
839 1741 949 1812 venit
968 1745 1012 1812 et
1037 1742 1184 1812 ibidem
1216 1743 1256 1812 iu
1287 1743 1468 1814 oratione
1496 1747 1736 1834 pernoctans

291 1891 435 1938 manus
463 1867 599 1937 fratris
628 1887 697 1959 per
726 1865 884 1936 vultum
915 1887 1031 1937 sumn
1062 1871 1102 1936 et
1131 1867 1311 1937 membra
1340 1872 1471 1938 uetera
1496 1866 1738 1938 fiducialiter

291 1991 523 2063 deducebat.
541 1989 630 2082 Quo
649 1991 756 2061 l'aeto
776 1990 906 2083 eoepit
926 1991 1105 2084 inpetigo
1125 1991 1265 2084 eapitis
1285 1992 1497 2084 disparere,
1518 1997 1558 2062 et
1577 2015 1599 2062 a
1619 1991 1734 2062 vultu

293 2117 562 2210 membrisque
590 2113 731 2186 ceteris
765 2115 898 2185 ulcera
931 2115 1121 2186 desit-cari
1152 2115 1220 2198 ita,
1256 2117 1362 2209 qnod
1395 2139 1486 2188 earo
1515 2116 1604 2209 ejus
1632 2139 1655 2186 a
1684 2116 1738 2186 le-

292 2263 385 2332 prae
414 2239 599 2332 contagio
628 2238 789 2330 penitus
818 2239 954 2309 extitit
981 2238 1189 2310 liberata²

400 2364 483 2458 (10)
503 2363 727 2436 (lrrilr'elnrur
742 2363 919 2454 quidam
936 2361 1124 2434 Forredis
1142 2361 1153 2398 ³
1168 2363 1293 2451 tilius,
1310 2387 1399 2436 cum
1418 2384 1483 2436 xri
1498 2371 1599 2436 osset
1614 2387 1736 2434 anuo-

291 2513 394 2575 rum,
415 2511 485 2582 per
504 2509 654 2558 annum
672 2491 712 2558 et
726 2487 939 2558 dimidium
956 2492 1049 2558 ante
1065 2488 1219 2558 obitum
1240 2489 1376 2560 fratris
1396 2489 1646 2562 Benevenuti
1668 2515 1741 2586 per

291 2619 421 2685 totum
439 2634 581 2705 corpus
595 2611 835 2705 generaliter
854 2612 1053 2683 ulceribus
1068 2618 1126 2683 est
1142 2635 1353 2706 respersae,
1370 2620 1410 2685 et
1424 2637 1500 2684 vox
1516 2617 1549 2710 ej
1559 2639 1602 2686 us
1617 2640 1737 2688 ranra

292 2743 398 2811 t'aeta
417 2761 507 2810 omn
538 2737 759 2830 superciliis
788 2758 832 2806 ao
861 2735 1060 2828 palpebris
1079 2737 1263 2830 depilatis
1283 2739 1512 2832 ‘contagium
1534 2741 1738 2834 deprome-

291 2867 401 2936 bant.
424 2863 590 2934 Praetor
610 2863 683 2932 lroo
703 2866 837 2932 antem
860 2861 1032 2932 babebat
1051 2884 1094 2932 os
1113 2863 1308 2933 foetidum
1335 2870 1375 2934 et
1403 2865 1567 2958 capillos
1596 2867 1737 2960 eapitis

178 3018 183 3027 ·
292 3014 370 3060 non
393 2993 548 3082 poterat
562 2987 778 3058 continere.
796 2984 912 3058 Oeuli
929 3009 1086 3080 quoqne
1106 2987 1301 3058 rubefarti
1322 2989 1533 3062 continuas
1552 2991 1740 3062 lacrimas

291 3113 440 3185 calidas
456 3113 707 3200 emittebant,
729 3133 986 3181 iustissumo
1006 3115 1230 3182 contractas
1251 3113 1401 3184 babens
1417 3135 1570 3208 ungues
1591 3117 1737 3209 pedum

291 3243 332 3309 et
360 3237 576 3330 digitorum
607 3235 797 3306 altriserat
824 3229 969 3332 (ΜΨ)
997 3235 1144 3305 ibidem
1186 3242 1495 3331 pue1·,.pr0pter
1537 3240 1643 3333 quod
1672 3263 1739 3334 pa-

291 3365 425 3432 rentes
453 3360 541 3452 ejus
569 3359 699 3452 ipsum
730 3381 754 3428 a
782 3380 852 3428 suo
882 3357 1084 3428 consortio
1114 3359 1274 3450 penitus
1316 3360 1565 3434 abdicarunt.
1595 3363 1742 3436 Fratre·

291 3485 415 3578 igitur
443 3484 670 3576 supradicto
691 3483 731 3552 in
763 3483 869 3554 beati
891 3481 1004 3552 Petri
1033 3483 1199 3554 eeclesia
1232 3485 1473 3557 nomismate
1502 3493 1630 3558 mater
1649 3488 1740 3582 ejus

290 3615 331 3681 et
359 3632 470 3683 soror
498 3631 630 3679 (loram
660 3609 801 3678 funere
830 3607 1005 3700 eorporis
1026 3607 1214 3701 insepulti
1238 3609 1438 3704 leprosum
1460 3633 1575 3683 suum
1608 3613 1738 3685 humi-

291 3735 384 3805 liter
412 3737 655 3818 statueruut3
685 3732 755 3802 ubi
775 3754 867 3801 oum
897 3731 1025 3804 tribus
1045 3733 1186 3804 diebus
1205 3756 1250 3804 ao
1271 3735 1457 3806 noctibus
1485 3737 1527 3806 in
1557 3737 1738 3808 oratione

292 3857 562 3951 persisterent,
592 3878 757 3932 mmnnn
801 3855 937 3926 fratris
965 3879 1010 3927 ao
1039 3859 1182 3950 pedem
1216 3858 1348 3950 eoepit
1389 3859 1566 3952 leprosus
1595 3862 1739 3932 ducere

292 4005 361 4076 per
389 4005 431 4052 os
459 4003 574 4052 suum
610 3987 649 4052 et
683 3980 863 4051 nrembra
900 3985 1032 4052 cetera
1068 3982 1124 4053 sie
1161 3982 1332 4066 int'eeta3
1372 4005 1451 4077 qno
1485 3989 1644 4076 peraeto
1682 3985 1738 4056 ri-

289 4108 407 4177 dente
450 4108 577 4176 matre
607 4105 754 4197 pariter
782 4111 822 4175 et
854 4127 986 4175 sorore
1024 4106 1185 4176 sanitati
1224 4106 1417 4198 pristinae
1456 4108 1643 4179 restituta
1680 4113 1739 4180 est

292 4253 384 4300 earo
404 4231 503 4322 eius.

400 4556 409 4584 ²
429 4555 528 4610 Codex
547 4575 563 4608 «
578 4559 683 4612 robure
695 4575 721 4612 ».

399 4645 471 4699 ²Ct.
494 4646 617 4701 rossa.
641 4648 658 4700 l.
681 4664 706 4701 e.
730 4649 748 4700 l.
770 4648 828 4712 ‹tl-'rr
851 4649 920 4699 tatu
941 4647 1003 4713 SS„
1027 4649 1045 4701 l.
1067 4664 1092 4702 e.
1116 4665 1143 4702 n.
1165 4651 1190 4701 o.

399 4735 552 4788 ³Toss1n.
576 4737 594 4789 l.
617 4753 642 4789 e.
666 4737 833 4790 «Forzedis
847 4753 872 4789 ›>.
