3902 5570
772 419 1082 476 lnultooucrlo.
1540 417 1658 470 XXIII

209 653 422 744 Italipioair
449 650 561 722 Libri
592 651 699 737 Tros,
723 653 769 718 »¹
801 652 870 744 qui
899 673 1017 722 suum
1047 651 1197 722 habent
1218 649 1393 720 valorem
1424 649 1657 741 praesertim

209 792 372 880 propter
401 787 488 874 hoc,
518 787 624 880 quod
667 785 802 879 plures
829 785 873 855 in
902 784 983 856 illis
1024 784 1291 856 inveniuntur
1333 783 1512 872 notitiae,
1556 803 1658 876 quae

209 912 316 1004 apud
345 911 445 982 alios
464 910 744 1004 compilatores
764 911 970 1004 lmcusque
999 913 1115 981 notos
1134 908 1423 980 desiderantur.
1453 906 1503 978 In
1526 908 1655 1001 primo

209 1045 312 1116 libro
327 1045 466 1116 ordine
480 1043 731 1137 alphabetico
747 1045 958 1115 enumerat
975 1043 1120 1114 fratres
1135 1064 1227 1112 oum
1247 1043 1357 1112 fruma
1376 1041 1483 1112 vitae
1498 1046 1658 1112 sanotae

208 1179 419 1250 defunctos
447 1178 639 1271 additque
672 1177 871 1248 nonnulla
899 1177 948 1247 de
976 1197 1112 1248 eorum
1134 1175 1353 1247 virtutibus
1373 1178 1413 1246 et
1432 1173 1657 1260 miraculis;

209 1313 315 1384 inter
344 1333 445 1406 quae
473 1311 591 1412 plura
619 1311 897 1398 inveniuntur,
928 1321 1029 1403 quae
1058 1331 1131 1380 nec
1159 1309 1266 1403 apud
1295 1306 1491 1380 Pisanum
1522 1307 1657 1378 necin

207 1443 301 1526 aliis
329 1445 442 1516 libris
471 1445 663 1538 temporis
705 1443 978 1537 praecedentis
1006 1443 1211 1538 leguntur,
1241 1463 1342 1538 quae
1371 1464 1465 1513 vero
1494 1441 1658 1535 optime,

210 1599 326 1671 saepe
355 1579 405 1650 ad
434 1577 602 1650 verbum
630 1577 790 1671 dialogo
817 1580 954 1649 nostro
997 1574 1282 1648 conveniunt.²
1329 1575 1530 1648 Chronica
1572 1572 1659 1644 Ma·
1742 1552 1746 1560 ⁵

211 1711 316 1782 riani
345 1709 453 1782 haud
480 1711 712 1805 cognovisse
750 1711 930 1798 videtur3
960 1711 1009 1782 de
1047 1709 1171 1803 ipsius
1214 1709 1371 1803 scriptis
1400 1709 1506 1780 eninr
1538 1729 1660 1802 agens

212 1844 341 1916 solum
362 1845 547 1916 nominat
571 1871 589 1913 ‹
610 1866 813 1916 sermones
832 1844 967 1938 plures
986 1847 1026 1916 et
1050 1843 1153 1916 vitas
1181 1847 1408 1916 sanctarum
1443 1841 1655 1914 mulierum

211 1977 375 2049 secundi
395 1978 547 2050 ordinis
569 2003 586 2044 >›
612 1974 853 2077 (f01.329²·);
883 1951 1006 2072 guare
1022 1981 1062 2049 et
1080 1977 1148 2049 ille
1177 1977 1381 2071 dialogum
1411 1997 1505 2070 prae
1534 1974 1658 2045 oeulis

214 2108 399 2180 habuisse
414 2109 586 2180 videtur.

319 2241 383 2313 De
411 2240 548 2314 Morou
585 2241 859 2336 Ulisstpoacaai
887 2247 927 2314 et
955 2242 1003 2314 de
1032 2243 1274 2332 auctoribus,
1304 2241 1373 2336 qui
1408 2238 1576 2312 saeculis
1605 2261 1659 2310 se-

211 2375 428 2469 quentibus
455 2376 711 2470 scripserunt,
740 2377 788 2448 de
816 2376 1020 2464 ,Iooobttla
1051 2376 1213 2462 Arturo,
1243 2373 1460 2446 Fortunato
1490 2373 1656 2456 Huober,

193 2575 195 2580 .
215 2509 321 2580 haud
349 2509 517 2604 aginrus,
538 2509 633 2602 quia
652 2509 729 2604 ipsi
748 2510 909 2581 nonnisi
930 2532 978 2581 ex
997 2510 1177 2581 fontibus
1205 2508 1450 2581 secundariis
1470 2506 1659 2578 derivatis

211 2663 260 2712 ex
289 2641 375 2734 Ipso
404 2642 561 2736 dialogo
591 2643 822 2715 hauserunt.

320 2925 329 2952 ¹
348 2918 481 2974 venetiis
502 2919 579 2974 1586.

319 3015 328 3041 ²
348 3006 391 3061 Cl.
413 3023 460 3061 ex.
481 3023 525 3076 gr.
547 3024 591 3076 aa,
613 3025 690 3078 quae
708 3010 757 3064 iol.
781 3010 847 3064 129v
868 3011 940 3066 dicit
959 3012 995 3065 de
1014 3013 1104 3066 tratre
1120 3012 1281 3066 Tbeoboldo
1298 3011 1334 3066 de
1353 3009 1481 3065 assisio:
1502 3008 1608 3063 «Cum
1628 3010 1657 3062 in

213 3095 278 3148 loco
297 3093 327 3148 S.
349 3093 504 3149 Laurentii
527 3101 689 3152 moraretur
709 3097 798 3166 juxta
822 3099 972 3152 civitatem
993 3097 1147 3154 Ortensam
1166 3105 1248 3154 trans
1267 3099 1419 3168 Tyberim,
1441 3099 1580 3167 injuncta
1599 3098 1655 3152 sibi

212 3182 382 3238 obedientia
394 3199 411 3236 a
424 3185 523 3252 tratre,
544 3186 596 3253 qui
609 3191 752 3254 praeerat,
767 3191 801 3240 ut
814 3187 969 3242 confestim
982 3187 1019 3242 ad
1033 3188 1214 3257 praedictum
1233 3189 1385 3243 civitatem
1405 3203 1458 3258 pro
1477 3187 1657 3257 quibusdam

212 3274 387 3328 necessariis
406 3281 583 3343 properaret,
604 3276 642 3330 ad
662 3276 802 3344 Tyberim
821 3279 945 3332 veniens
965 3279 1139 3332 mandatum
1157 3279 1250 3350 patris
1268 3280 1423 3349 satagebat
1450 3279 1558 3347 exequi
1578 3279 1657 3332 testi-

213 3366 338 3429 nanter3
359 3377 488 3431 cumque
506 3364 677 3418 naviculam
697 3365 812 3419 nullam
832 3367 997 3436 reperisset,
1019 3381 1129 3422 memor
1154 3369 1348 3436 obedientiae,
1369 3369 1421 3424 sed
1439 3369 1594 3422 immemor
1613 3382 1659 3436 pe·

214 3449 301 3504 nonii
320 3450 437 3504 elevata
456 3451 559 3506 tunica
570 3467 660 3522 super
678 3453 909 3526 aquaspedibus
922 3456 1048 3524 propriis
1066 3457 1232 3512 ambulavit
1250 3462 1280 3512 et
1298 3457 1497 3512 clamantibus
1510 3461 1540 3512 et
1552 3457 1659 3510 miran-

213 3539 294 3594 tibus
313 3539 483 3594 homiuibus
503 3545 603 3596 tantae
621 3542 831 3610 profunditatis
849 3544 975 3598 flurium
989 3544 1115 3613 traiecit,
1129 3547 1181 3598 rix
1195 3547 1331 3614 pertusus
1345 3546 1490 3615 usquead
1504 3546 1658 3616 poplites»

212 3628 262 3692 (cf.
284 3627 362 3680 iutra
380 3643 429 3697 pg.
452 3627 530 3698 116),
551 3629 661 3684 videsis
680 3629 799 3699 pariter,
820 3645 897 3700 quae
917 3633 1004 3686 refert
1022 3633 1059 3688 de
1078 3634 1112 3690 ir,
1134 3633 1285 3688 Ambrosio
1304 3633 1493 3690 Massaoeosi
1511 3633 1574 3704 (iol.
1595 3633 1657 3698 73r)

102 3789 110 3803 ,
211 3724 242 3770 et
261 3715 298 3769 de
316 3717 352 3770 li.
376 3717 557 3771 Berecvonuto
576 3718 732 3787 Euqabiao
751 3719 782 3788 (t.
797 3719 868 3784 sor).

755 3899 1127 3911 ——-...—-.

246 4123 426 4198 Additur
455 4128 506 4199 ad
533 4151 597 4223 pg.
628 4147 700 4218 xv,
729 4134 811 4202 not.
842 4132 865 4202 1
893 4126 935 4229 («
957 4133 1159 4226 Dpotopus
1178 4133 1329 4230 fratria
1356 4137 1549 4210 ‘sobriante
1571 4135 1628 4238 ›):

320 4307 355 4362 Iu
375 4309 529 4364 nonnullis
548 4311 700 4366 codicibus
718 4309 861 4382 Dialogus
879 4313 914 4366 do
932 4315 1013 4368 stulu
1037 4315 1147 4370 soeculi
1175 4317 1301 4372 habetur
1327 4319 1384 4373 sub
1412 4319 1531 4374 nomine
1548 4321 1657 4376 ⁴fratris

211 4397 340 4453 «loannis
369 4399 511 4463 Pecluzm,⁸
529 4401 566 4454 cl.
587 4398 631 4454 De
650 4401 799 4456 brimooae
821 4401 992 4470 moinonis
1014 4404 1125 4459 ratione
1152 4407 1292 4460 amedera
1311 4409 1458 4477 qrtoodom
1484 4409 1533 4476 (ad
1553 4407 1654 4464 claras

121 4563 124 4574 ⁵
213 4485 316 4556 Aquas
336 4487 426 4554 1883),
446 4503 496 4558 pg.
519 4503 595 4556 reru,
616 4503 698 4543 uum.
725 4491 768 4544 14.

751 4673 1124 4685 —————
