<?xml version="1.0" encoding="UTF-8"?>
<!DOCTYPE html PUBLIC "-//W3C//DTD XHTML 1.0 Transitional//EN"
    "http://www.w3.org/TR/xhtml1/DTD/xhtml1-transitional.dtd">
<html xmlns="http://www.w3.org/1999/xhtml" xml:lang="en" lang="en">
 <head>
  <title>
</title>
<meta http-equiv="Content-Type" content="text/html;charset=utf-8" />
  <meta name='ocr-system' content='tesseract 3.04.00' />
  <meta name='ocr-capabilities' content='ocr_page ocr_carea ocr_par ocr_line ocrx_word'/>
</head>
<body>
  <div class='ocr_page' id='page_1' title='image "./dialogusdevitis00lemmgoog_0126.png"; bbox 0 0 3880 5568; ppageno 0'>
   <div class='ocr_carea' id='block_1_1' title="bbox 186 383 1720 2349">
    <p class='ocr_par' dir='ltr' id='par_1_1' title="bbox 677 383 1640 464">
     <span class='ocr_line' id='line_1_1' title="bbox 677 383 1640 464; baseline 0.003 -12"><span class='ocrx_word' id='word_1_1' title='bbox 677 401 734 452; x_wconf 82' lang='lat' dir='ltr'><strong>nu</strong></span> <span class='ocrx_word' id='word_1_2' title='bbox 765 399 937 452; x_wconf 73' lang='lat' dir='ltr'><strong>urm&#39;ran</strong></span> <span class='ocrx_word' id='word_1_3' title='bbox 967 400 1157 456; x_wconf 79' lang='lat' dir='ltr'><strong>eunoun.</strong></span> <span class='ocrx_word' id='word_1_4' title='bbox 1304 453 1310 464; x_wconf 80' lang='grc'>,</span> <span class='ocrx_word' id='word_1_5' title='bbox 1590 383 1640 455; x_wconf 82' lang='lat'><strong>95</strong></span> 
     </span>
    </p>

    <p class='ocr_par' dir='ltr' id='par_1_2' title="bbox 188 627 1640 1099">
     <span class='ocr_line' id='line_1_2' title="bbox 298 627 1640 730; baseline 0.001 -26"><span class='ocrx_word' id='word_1_6' title='bbox 298 627 360 730; x_wconf 80' lang='lat' dir='ltr'><strong>(t)</strong></span> <span class='ocrx_word' id='word_1_7' title='bbox 389 631 532 707; x_wconf 89' lang='lat' dir='ltr'><strong>Puella</strong></span> <span class='ocrx_word' id='word_1_8' title='bbox 559 633 769 727; x_wconf 75' lang='lat' dir='ltr'>quaedam,</span> <span class='ocrx_word' id='word_1_9' title='bbox 790 631 926 704; x_wconf 68' lang='grc' dir='ltr'><em>Μανία</em></span> <span class='ocrx_word' id='word_1_10' title='bbox 955 634 1130 724; x_wconf 90' lang='lat' dir='ltr'><strong>nomine,</strong></span> <span class='ocrx_word' id='word_1_11' title='bbox 1153 635 1359 706; x_wconf 87' lang='lat' dir='ltr'><strong>oculorum</strong></span> <span class='ocrx_word' id='word_1_12' title='bbox 1389 633 1544 720; x_wconf 87' lang='lat' dir='ltr'><strong>lumine</strong></span> <span class='ocrx_word' id='word_1_13' title='bbox 1573 635 1640 706; x_wconf 91' lang='lat' dir='ltr'><strong>de·</strong></span> 
     </span>
     <span class='ocr_line' id='line_1_3' title="bbox 188 755 1637 852; baseline 0.003 -27"><span class='ocrx_word' id='word_1_14' title='bbox 188 755 344 846; x_wconf 87' lang='lat' dir='ltr'><strong>stitnta,</strong></span> <span class='ocrx_word' id='word_1_15' title='bbox 361 780 451 828; x_wconf 89' lang='lat' dir='ltr'><strong>cum</strong></span> <span class='ocrx_word' id='word_1_16' title='bbox 474 757 719 850; x_wconf 90' lang='lat' dir='ltr'><strong>pervenisset</strong></span> <span class='ocrx_word' id='word_1_17' title='bbox 733 759 783 830; x_wconf 89' lang='lat' dir='ltr'><strong>ad</strong></span> <span class='ocrx_word' id='word_1_18' title='bbox 798 759 1001 830; x_wconf 89' lang='lat' dir='ltr'><strong>tumulum</strong></span> <span class='ocrx_word' id='word_1_19' title='bbox 1018 758 1154 832; x_wconf 84' lang='lat' dir='ltr'><strong>fratris</strong></span> <span class='ocrx_word' id='word_1_20' title='bbox 1169 759 1363 852; x_wconf 87' lang='lat' dir='ltr'><strong>ejusdem,</strong></span> <span class='ocrx_word' id='word_1_21' title='bbox 1380 759 1637 852; x_wconf 88' lang='lat' dir='ltr'><strong>concupitum</strong></span> 
     </span>
     <span class='ocr_line' id='line_1_4' title="bbox 191 880 1640 978; baseline 0.002 -27"><span class='ocrx_word' id='word_1_22' title='bbox 191 880 326 952; x_wconf 89' lang='lat' dir='ltr'><strong>lumen</strong></span> <span class='ocrx_word' id='word_1_23' title='bbox 348 882 547 975; x_wconf 86' lang='lat' dir='ltr'><strong>accipiens</strong></span> <span class='ocrx_word' id='word_1_24' title='bbox 562 880 651 952; x_wconf 91' lang='lat' dir='ltr'><strong>Deo</strong></span> <span class='ocrx_word' id='word_1_25' title='bbox 671 887 710 953; x_wconf 91' lang='lat' dir='ltr'><strong>et</strong></span> <span class='ocrx_word' id='word_1_26' title='bbox 724 883 840 954; x_wconf 85' lang='lat' dir='ltr'><strong>fratri</strong></span> <span class='ocrx_word' id='word_1_27' title='bbox 860 883 1111 956; x_wconf 83' lang='lat' dir='ltr'><strong>sanctissimo</strong></span> <span class='ocrx_word' id='word_1_28' title='bbox 1130 888 1262 978; x_wconf 87' lang='lat' dir='ltr'><strong>gratos</strong></span> <span class='ocrx_word' id='word_1_29' title='bbox 1281 882 1435 956; x_wconf 88' lang='lat' dir='ltr'><strong>debitas</strong></span> <span class='ocrx_word' id='word_1_30' title='bbox 1454 883 1640 954; x_wconf 76' lang='lat' dir='ltr'><strong>alacriter</strong></span> 
     </span>
     <span class='ocr_line' id='line_1_5' title="bbox 191 1007 454 1099; baseline -0.008 -21"><span class='ocrx_word' id='word_1_31' title='bbox 191 1007 454 1099; x_wconf 79' lang='lat' dir='ltr'><strong>persolvebat.</strong></span> 
     </span>
    </p>

    <p class='ocr_par' dir='ltr' id='par_1_3' title="bbox 186 1125 1720 1577">
     <span class='ocr_line' id='line_1_6' title="bbox 297 1125 1639 1230; baseline 0 -28"><span class='ocrx_word' id='word_1_32' title='bbox 297 1126 343 1230; x_wconf 80' lang='lat' dir='ltr'><strong>(f.</strong></span> <span class='ocrx_word' id='word_1_33' title='bbox 361 1127 475 1230; x_wconf 68' lang='lat'>1212&#39;)</span> <span class='ocrx_word' id='word_1_34' title='bbox 502 1125 564 1230; x_wconf 81' lang='lat'><strong>(8)</strong></span> <span class='ocrx_word' id='word_1_35' title='bbox 591 1131 699 1202; x_wconf 87' lang='lat' dir='ltr'><strong>Item</strong></span> <span class='ocrx_word' id='word_1_36' title='bbox 730 1153 827 1224; x_wconf 73' lang='lat' dir='ltr'><strong>[ruer</strong></span> <span class='ocrx_word' id='word_1_37' title='bbox 847 1129 1010 1224; x_wconf 90' lang='lat' dir='ltr'><strong>quidam</strong></span> <span class='ocrx_word' id='word_1_38' title='bbox 1032 1130 1198 1202; x_wconf 90' lang='lat' dir='ltr'><strong>omnino</strong></span> <span class='ocrx_word' id='word_1_39' title='bbox 1218 1153 1369 1220; x_wconf 89' lang='lat' dir='ltr'><strong>caecus,</strong></span> <span class='ocrx_word' id='word_1_40' title='bbox 1385 1154 1477 1202; x_wconf 92' lang='lat' dir='ltr'><strong>oum</strong></span> <span class='ocrx_word' id='word_1_41' title='bbox 1497 1131 1639 1203; x_wconf 87' lang='lat' dir='ltr'><strong>diebus</strong></span> 
     </span>
     <span class='ocr_line' id='line_1_7' title="bbox 191 1253 1639 1350; baseline 0.001 -24"><span class='ocrx_word' id='word_1_42' title='bbox 191 1255 372 1349; x_wconf 89' lang='lat' dir='ltr'><strong>pluribus</strong></span> <span class='ocrx_word' id='word_1_43' title='bbox 401 1279 534 1328; x_wconf 87' lang='lat' dir='ltr'><strong>coram</strong></span> <span class='ocrx_word' id='word_1_44' title='bbox 563 1255 721 1328; x_wconf 89' lang='lat' dir='ltr'><strong>tumulo</strong></span> <span class='ocrx_word' id='word_1_45' title='bbox 750 1255 961 1327; x_wconf 88' lang='lat' dir='ltr'><strong>memorati</strong></span> <span class='ocrx_word' id='word_1_46' title='bbox 991 1253 1127 1328; x_wconf 78' lang='lat' dir='ltr'><strong>fratris</strong></span> <span class='ocrx_word' id='word_1_47' title='bbox 1147 1255 1331 1327; x_wconf 89' lang='lat' dir='ltr'><strong>sanitatis</strong></span> <span class='ocrx_word' id='word_1_48' title='bbox 1350 1256 1480 1349; x_wconf 83' lang='lat' dir='ltr'><strong>gratia</strong></span> <span class='ocrx_word' id='word_1_49' title='bbox 1502 1256 1639 1350; x_wconf 85' lang='lat' dir='ltr'><strong>persti-</strong></span> 
     </span>
     <span class='ocr_line' id='line_1_8' title="bbox 190 1380 1720 1475; baseline 0.001 -25"><span class='ocrx_word' id='word_1_50' title='bbox 190 1381 315 1470; x_wconf 89' lang='lat' dir='ltr'><strong>tisset,</strong></span> <span class='ocrx_word' id='word_1_51' title='bbox 337 1385 504 1475; x_wconf 88' lang='lat' dir='ltr'><strong>utroque</strong></span> <span class='ocrx_word' id='word_1_52' title='bbox 534 1381 695 1452; x_wconf 90' lang='lat' dir='ltr'><strong>tandem</strong></span> <span class='ocrx_word' id='word_1_53' title='bbox 727 1380 842 1450; x_wconf 91' lang='lat' dir='ltr'><strong>oculo</strong></span> <span class='ocrx_word' id='word_1_54' title='bbox 870 1380 1080 1452; x_wconf 86' lang='lat' dir='ltr'><strong>restitutus</strong></span> <span class='ocrx_word' id='word_1_55' title='bbox 1098 1381 1251 1451; x_wconf 89' lang='lat' dir='ltr'><strong>factum</strong></span> <span class='ocrx_word' id='word_1_56' title='bbox 1272 1381 1315 1451; x_wconf 93' lang='lat' dir='ltr'><strong>in</strong></span> <span class='ocrx_word' id='word_1_57' title='bbox 1336 1403 1376 1452; x_wconf 89' lang='lat' dir='ltr'><strong>se</strong></span> <span class='ocrx_word' id='word_1_58' title='bbox 1398 1381 1636 1454; x_wconf 80' lang='lat' dir='ltr'><strong>miraculum</strong></span> <span class='ocrx_word' id='word_1_59' title='bbox 1718 1419 1720 1424; x_wconf 96' lang='lat'>·</span> 
     </span>
     <span class='ocr_line' id='line_1_9' title="bbox 186 1504 635 1577; baseline 0.002 -4"><span class='ocrx_word' id='word_1_60' title='bbox 186 1504 377 1576; x_wconf 81' lang='lat' dir='ltr'><strong>erunibus</strong></span> <span class='ocrx_word' id='word_1_61' title='bbox 405 1505 635 1577; x_wconf 86' lang='lat' dir='ltr'><strong>declaravit.</strong></span> 
     </span>
    </p>

    <p class='ocr_par' dir='ltr' id='par_1_4' title="bbox 186 1623 1638 2222">
     <span class='ocr_line' id='line_1_10' title="bbox 297 1623 1636 1728; baseline 0.001 -30"><span class='ocrx_word' id='word_1_62' title='bbox 297 1623 359 1728; x_wconf 86' lang='grc'><strong>(9)</strong></span> <span class='ocrx_word' id='word_1_63' title='bbox 377 1627 528 1700; x_wconf 86' lang='lat' dir='ltr'><strong>Mulier</strong></span> <span class='ocrx_word' id='word_1_64' title='bbox 548 1630 758 1723; x_wconf 88' lang='lat' dir='ltr'><strong>quaedam,</strong></span> <span class='ocrx_word' id='word_1_65' title='bbox 774 1628 974 1701; x_wconf 48' lang='lat' dir='ltr'><strong>„lriauato</strong></span> <span class='ocrx_word' id='word_1_66' title='bbox 995 1629 1171 1720; x_wconf 91' lang='lat' dir='ltr'><strong>nomine,</strong></span> <span class='ocrx_word' id='word_1_67' title='bbox 1189 1652 1288 1701; x_wconf 81' lang='lat' dir='ltr'><strong>uxor</strong></span> <span class='ocrx_word' id='word_1_68' title='bbox 1307 1629 1440 1702; x_wconf 86' lang='lat' dir='ltr'><strong>Alesli</strong></span> <span class='ocrx_word' id='word_1_69' title='bbox 1458 1632 1506 1702; x_wconf 91' lang='lat' dir='ltr'><strong>dc</strong></span> <span class='ocrx_word' id='word_1_70' title='bbox 1521 1629 1636 1720; x_wconf 89' lang='lat' dir='ltr'><strong>Pola,</strong></span> 
     </span>
     <span class='ocr_line' id='line_1_11' title="bbox 186 1753 1638 1848; baseline 0.001 -23"><span class='ocrx_word' id='word_1_71' title='bbox 186 1776 280 1825; x_wconf 87' lang='lat' dir='ltr'><strong>oum</strong></span> <span class='ocrx_word' id='word_1_72' title='bbox 311 1775 381 1847; x_wconf 86' lang='lat' dir='ltr'><strong>per</strong></span> <span class='ocrx_word' id='word_1_73' title='bbox 408 1755 492 1826; x_wconf 88' lang='lat' dir='ltr'><strong>dies</strong></span> <span class='ocrx_word' id='word_1_74' title='bbox 529 1754 678 1826; x_wconf 90' lang='lat' dir='ltr'><strong>multos</strong></span> <span class='ocrx_word' id='word_1_75' title='bbox 715 1753 993 1842; x_wconf 80' lang='lat' dir='ltr'><strong>obmutuisset,</strong></span> <span class='ocrx_word' id='word_1_76' title='bbox 1023 1777 1096 1825; x_wconf 88' lang='lat' dir='ltr'><strong>neo</strong></span> <span class='ocrx_word' id='word_1_77' title='bbox 1127 1755 1328 1827; x_wconf 88' lang='lat' dir='ltr'><strong>ullatenus</strong></span> <span class='ocrx_word' id='word_1_78' title='bbox 1357 1755 1478 1826; x_wconf 87' lang='lat' dir='ltr'><strong>verba</strong></span> <span class='ocrx_word' id='word_1_79' title='bbox 1506 1758 1638 1848; x_wconf 84' lang='lat' dir='ltr'><strong>posset</strong></span> 
     </span>
     <span class='ocr_line' id='line_1_12' title="bbox 189 1877 1636 1974; baseline 0.001 -25"><span class='ocrx_word' id='word_1_80' title='bbox 189 1877 340 1972; x_wconf 84' lang='lat' dir='ltr'><strong>plectro</strong></span> <span class='ocrx_word' id='word_1_81' title='bbox 369 1879 530 1972; x_wconf 82' lang='lat' dir='ltr'><strong>linguae</strong></span> <span class='ocrx_word' id='word_1_82' title='bbox 558 1881 745 1968; x_wconf 86' lang='lat' dir='ltr'><strong>formare,</strong></span> <span class='ocrx_word' id='word_1_83' title='bbox 775 1880 823 1950; x_wconf 89' lang='lat' dir='ltr'><strong>ad</strong></span> <span class='ocrx_word' id='word_1_84' title='bbox 853 1878 1109 1974; x_wconf 88' lang='lat' dir='ltr'><strong>sepulchrum</strong></span> <span class='ocrx_word' id='word_1_85' title='bbox 1131 1880 1209 1951; x_wconf 84' lang='lat' dir='ltr'><strong>viri</strong></span> <span class='ocrx_word' id='word_1_86' title='bbox 1228 1879 1307 1951; x_wconf 91' lang='lat' dir='ltr'><strong>Dei</strong></span> <span class='ocrx_word' id='word_1_87' title='bbox 1337 1903 1427 1951; x_wconf 88' lang='lat' dir='ltr'><strong>oum</strong></span> <span class='ocrx_word' id='word_1_88' title='bbox 1457 1879 1636 1952; x_wconf 88' lang='lat' dir='ltr'><strong>lacrimis</strong></span> 
     </span>
     <span class='ocr_line' id='line_1_13' title="bbox 187 2003 1636 2106; baseline 0.001 -32"><span class='ocrx_word' id='word_1_89' title='bbox 187 2007 231 2074; x_wconf 90' lang='lat' dir='ltr'><strong>et</strong></span> <span class='ocrx_word' id='word_1_90' title='bbox 258 2003 470 2076; x_wconf 90' lang='lat' dir='ltr'><strong>devotione</strong></span> <span class='ocrx_word' id='word_1_91' title='bbox 498 2004 734 2097; x_wconf 81' lang='lat' dir='ltr'><strong>perveniens</strong></span> <span class='ocrx_word' id='word_1_92' title='bbox 762 2003 887 2096; x_wconf 86' lang='lat' dir='ltr'><strong>ipsius</strong></span> <span class='ocrx_word' id='word_1_93' title='bbox 906 2005 1118 2106; x_wconf 83' lang='lat' dir='ltr'><strong>accedente</strong></span> <span class='ocrx_word' id='word_1_94' title='bbox 1139 2005 1327 2099; x_wconf 81' lang='lat' dir='ltr'><strong>suffragio</strong></span> <span class='ocrx_word' id='word_1_95' title='bbox 1347 2005 1416 2076; x_wconf 91' lang='lat' dir='ltr'><strong>diu</strong></span> <span class='ocrx_word' id='word_1_96' title='bbox 1435 2004 1636 2098; x_wconf 86' lang='lat' dir='ltr'><strong>perditam</strong></span> 
     </span>
     <span class='ocr_line' id='line_1_14' title="bbox 189 2127 653 2222; baseline 0 -24"><span class='ocrx_word' id='word_1_97' title='bbox 189 2128 411 2222; x_wconf 88' lang='lat' dir='ltr'><strong>reportavit</strong></span> <span class='ocrx_word' id='word_1_98' title='bbox 438 2127 653 2222; x_wconf 88' lang='lat' dir='ltr'><strong>loquelam.</strong></span> 
     </span>
    </p>

    <p class='ocr_par' dir='ltr' id='par_1_5' title="bbox 297 2251 1635 2349">
     <span class='ocr_line' id='line_1_15' title="bbox 297 2251 1635 2349; baseline 0.003 -27"><span class='ocrx_word' id='word_1_99' title='bbox 297 2251 478 2323; x_wconf 45' lang='lat' dir='ltr'><strong>alliditur.</strong></span> <span class='ocrx_word' id='word_1_100' title='bbox 496 2251 702 2344; x_wconf 74' lang='lat' dir='ltr'><strong>Quantum</strong></span> <span class='ocrx_word' id='word_1_101' title='bbox 724 2254 842 2324; x_wconf 88' lang='lat' dir='ltr'><strong>datur</strong></span> <span class='ocrx_word' id='word_1_102' title='bbox 861 2252 1034 2349; x_wconf 84' lang='lat' dir='ltr'><strong>intelllgi</strong></span> <span class='ocrx_word' id='word_1_103' title='bbox 1054 2277 1102 2325; x_wconf 86' lang='lat' dir='ltr'><strong>ex</strong></span> <span class='ocrx_word' id='word_1_104' title='bbox 1115 2253 1281 2343; x_wconf 85' lang='lat' dir='ltr'><strong>auditis,</strong></span> <span class='ocrx_word' id='word_1_105' title='bbox 1298 2254 1511 2342; x_wconf 90' lang='lat' dir='ltr'><strong>mirabilia,</strong></span> <span class='ocrx_word' id='word_1_106' title='bbox 1533 2277 1635 2348; x_wconf 88' lang='lat' dir='ltr'><strong>quae</strong></span> 
     </span>
    </p>
   </div>
   <div class='ocr_carea' id='block_1_2' title="bbox 189 2377 1745 2472">
    <p class='ocr_par' dir='ltr' id='par_1_6' title="bbox 189 2377 1745 2472">
     <span class='ocr_line' id='line_1_16' title="bbox 189 2377 1745 2472; baseline 0.003 -26"><span class='ocrx_word' id='word_1_107' title='bbox 189 2377 378 2471; x_wconf 85' lang='lat' dir='ltr'><strong>superius</strong></span> <span class='ocrx_word' id='word_1_108' title='bbox 401 2377 607 2466; x_wconf 85' lang='lat' dir='ltr'><strong>enarrasti,</strong></span> <span class='ocrx_word' id='word_1_109' title='bbox 629 2400 697 2470; x_wconf 90' lang='lat' dir='ltr'><strong>per</strong></span> <span class='ocrx_word' id='word_1_110' title='bbox 725 2379 868 2449; x_wconf 81' lang='lat' dir='ltr'><strong>fratres</strong></span> <span class='ocrx_word' id='word_1_111' title='bbox 896 2377 1098 2472; x_wconf 88' lang='lat' dir='ltr'><strong>simplices</strong></span> <span class='ocrx_word' id='word_1_112' title='bbox 1126 2381 1197 2450; x_wconf 89' lang='lat' dir='ltr'><strong>aut</strong></span> <span class='ocrx_word' id='word_1_113' title='bbox 1224 2401 1366 2471; x_wconf 87' lang='lat' dir='ltr'><strong>parum</strong></span> <span class='ocrx_word' id='word_1_114' title='bbox 1396 2381 1502 2450; x_wconf 89' lang='lat' dir='ltr'><strong>certe</strong></span> <span class='ocrx_word' id='word_1_115' title='bbox 1530 2377 1636 2450; x_wconf 87' lang='lat' dir='ltr'><strong>litte·</strong></span> <span class='ocrx_word' id='word_1_116' title='bbox 1742 2445 1745 2450; x_wconf 18' lang='lat' dir='ltr'><strong>i</strong></span> 
     </span>
    </p>
   </div>
   <div class='ocr_carea' id='block_1_3' title="bbox 187 2500 1635 3344">
    <p class='ocr_par' dir='ltr' id='par_1_7' title="bbox 188 2500 1634 2844">
     <span class='ocr_line' id='line_1_17' title="bbox 189 2500 1634 2596; baseline 0.001 -26"><span class='ocrx_word' id='word_1_117' title='bbox 189 2507 309 2590; x_wconf 87' lang='lat' dir='ltr'><strong>ratos,</strong></span> <span class='ocrx_word' id='word_1_118' title='bbox 339 2505 502 2594; x_wconf 86' lang='lat' dir='ltr'><strong>excepto</strong></span> <span class='ocrx_word' id='word_1_119' title='bbox 531 2502 743 2574; x_wconf 87' lang='lat' dir='ltr'><strong>dumtaxat</strong></span> <span class='ocrx_word' id='word_1_120' title='bbox 771 2506 908 2574; x_wconf 90' lang='lat' dir='ltr'><strong>sancto</strong></span> <span class='ocrx_word' id='word_1_121' title='bbox 928 2500 1125 2592; x_wconf 86' lang='lat' dir='ltr'><strong>Antonio,</strong></span> <span class='ocrx_word' id='word_1_122' title='bbox 1145 2506 1373 2596; x_wconf 90' lang='lat' dir='ltr'><strong>perpetrata</strong></span> <span class='ocrx_word' id='word_1_123' title='bbox 1392 2507 1634 2590; x_wconf 79' lang='lat' dir='ltr'><strong>noscuntur3</strong></span> 
     </span>
     <span class='ocr_line' id='line_1_18' title="bbox 190 2625 1633 2720; baseline 0.003 -24"><span class='ocrx_word' id='word_1_124' title='bbox 190 2626 356 2720; x_wconf 90' lang='lat' dir='ltr'><strong>ideoque</strong></span> <span class='ocrx_word' id='word_1_125' title='bbox 376 2626 475 2697; x_wconf 89' lang='lat' dir='ltr'><strong>sciro</strong></span> <span class='ocrx_word' id='word_1_126' title='bbox 495 2625 630 2716; x_wconf 88' lang='lat' dir='ltr'><strong>velim,</strong></span> <span class='ocrx_word' id='word_1_127' title='bbox 651 2627 684 2698; x_wconf 87' lang='lat' dir='ltr'><strong>si</strong></span> <span class='ocrx_word' id='word_1_128' title='bbox 703 2650 773 2720; x_wconf 91' lang='lat' dir='ltr'><strong>per</strong></span> <span class='ocrx_word' id='word_1_129' title='bbox 792 2627 935 2699; x_wconf 86' lang='lat' dir='ltr'><strong>fratres</strong></span> <span class='ocrx_word' id='word_1_130' title='bbox 954 2629 1082 2700; x_wconf 88' lang='lat' dir='ltr'><strong>nostri</strong></span> <span class='ocrx_word' id='word_1_131' title='bbox 1101 2627 1252 2699; x_wconf 86' lang='lat' dir='ltr'><strong>ordinis</strong></span> <span class='ocrx_word' id='word_1_132' title='bbox 1272 2627 1470 2698; x_wconf 87' lang='lat' dir='ltr'><strong>litteratos</strong></span> <span class='ocrx_word' id='word_1_133' title='bbox 1490 2627 1633 2700; x_wconf 90' lang='lat' dir='ltr'><strong>horum</strong></span> 
     </span>
     <span class='ocr_line' id='line_1_19' title="bbox 188 2751 744 2844; baseline 0.002 -22"><span class='ocrx_word' id='word_1_134' title='bbox 188 2751 340 2822; x_wconf 89' lang='lat' dir='ltr'><strong>similia</strong></span> <span class='ocrx_word' id='word_1_135' title='bbox 366 2753 473 2822; x_wconf 86' lang='lat' dir='ltr'><strong>l&#39;aota</strong></span> <span class='ocrx_word' id='word_1_136' title='bbox 502 2752 744 2844; x_wconf 78' lang='lat' dir='ltr'><strong>cognoveris.</strong></span> 
     </span>
    </p>

    <p class='ocr_par' dir='ltr' id='par_1_8' title="bbox 187 2873 1635 3344">
     <span class='ocr_line' id='line_1_20' title="bbox 297 2873 1633 2972; baseline 0.001 -26"><span class='ocrx_word' id='word_1_137' title='bbox 297 2875 504 2950; x_wconf 71' lang='lat' dir='ltr'><strong>Nurrrrtor.</strong></span> <span class='ocrx_word' id='word_1_138' title='bbox 523 2873 690 2948; x_wconf 82' lang='lat' dir='ltr'><strong>Constat</strong></span> <span class='ocrx_word' id='word_1_139' title='bbox 705 2876 868 2970; x_wconf 89' lang='lat' dir='ltr'><strong>quidem</strong></span> <span class='ocrx_word' id='word_1_140' title='bbox 883 2877 1153 2972; x_wconf 88' lang='lat' dir='ltr'><strong>simplicitatis</strong></span> <span class='ocrx_word' id='word_1_141' title='bbox 1164 2877 1336 2949; x_wconf 86' lang='lat' dir='ltr'><strong>cultores</strong></span> <span class='ocrx_word' id='word_1_142' title='bbox 1352 2875 1441 2947; x_wconf 91' lang='lat' dir='ltr'><strong>Deo</strong></span> <span class='ocrx_word' id='word_1_143' title='bbox 1455 2877 1505 2946; x_wconf 92' lang='lat' dir='ltr'><strong>ab</strong></span> <span class='ocrx_word' id='word_1_144' title='bbox 1515 2875 1633 2947; x_wconf 88' lang='lat' dir='ltr'><strong>initio</strong></span> 
     </span>
     <span class='ocr_line' id='line_1_21' title="bbox 187 3000 1635 3094; baseline 0.001 -24"><span class='ocrx_word' id='word_1_145' title='bbox 187 3000 394 3093; x_wconf 86' lang='lat' dir='ltr'><strong>placuisse,</strong></span> <span class='ocrx_word' id='word_1_146' title='bbox 424 3004 563 3092; x_wconf 87' lang='lat' dir='ltr'><strong>utpote</strong></span> <span class='ocrx_word' id='word_1_147' title='bbox 592 3023 682 3070; x_wconf 85' lang='lat' dir='ltr'><strong>oum</strong></span> <span class='ocrx_word' id='word_1_148' title='bbox 712 3000 856 3093; x_wconf 91' lang='lat' dir='ltr'><strong>quibus</strong></span> <span class='ocrx_word' id='word_1_149' title='bbox 885 3000 1165 3072; x_wconf 90' lang='lat' dir='ltr'><strong>sermocinatio</strong></span> <span class='ocrx_word' id='word_1_150' title='bbox 1185 3001 1291 3094; x_wconf 84' lang='lat' dir='ltr'><strong>ejus3</strong></span> <span class='ocrx_word' id='word_1_151' title='bbox 1321 3003 1362 3072; x_wconf 90' lang='lat' dir='ltr'><strong>et</strong></span> <span class='ocrx_word' id='word_1_152' title='bbox 1385 3022 1486 3094; x_wconf 89' lang='lat' dir='ltr'><strong>quae</strong></span> <span class='ocrx_word' id='word_1_153' title='bbox 1510 3000 1635 3072; x_wconf 83' lang='lat' dir='ltr'><strong>stulta</strong></span> 
     </span>
     <span class='ocr_line' id='line_1_22' title="bbox 187 3121 1633 3224; baseline 0 -30"><span class='ocrx_word' id='word_1_154' title='bbox 187 3130 283 3196; x_wconf 80' lang='lat' dir='ltr'><strong>srrrrt</strong></span> <span class='ocrx_word' id='word_1_155' title='bbox 311 3125 466 3212; x_wconf 91' lang='lat' dir='ltr'><strong>mundi,</strong></span> <span class='ocrx_word' id='word_1_156' title='bbox 492 3124 625 3218; x_wconf 84' lang='lat' dir='ltr'><strong>elegit,</strong></span> <span class='ocrx_word' id='word_1_157' title='bbox 646 3129 691 3195; x_wconf 92' lang='lat' dir='ltr'><strong>ut</strong></span> <span class='ocrx_word' id='word_1_158' title='bbox 712 3125 975 3198; x_wconf 87' lang='lat' dir='ltr'><strong>confunderet</strong></span> <span class='ocrx_word' id='word_1_159' title='bbox 994 3125 1209 3218; x_wconf 79' lang='lat' dir='ltr'><strong>sapientes,</strong></span> <span class='ocrx_word' id='word_1_160' title='bbox 1230 3124 1437 3196; x_wconf 89' lang='lat' dir='ltr'><strong>inimicam</strong></span> <span class='ocrx_word' id='word_1_161' title='bbox 1459 3125 1503 3218; x_wconf 83' lang='lat' dir='ltr'><strong>(f.</strong></span> <span class='ocrx_word' id='word_1_162' title='bbox 1516 3121 1633 3224; x_wconf 66' lang='lat'>122²)</span> 
     </span>
     <span class='ocr_line' id='line_1_23' title="bbox 187 3247 1632 3344; baseline 0.002 -26"><span class='ocrx_word' id='word_1_163' title='bbox 187 3271 362 3343; x_wconf 87' lang='lat' dir='ltr'><strong>namquo</strong></span> <span class='ocrx_word' id='word_1_164' title='bbox 391 3247 480 3320; x_wconf 92' lang='lat' dir='ltr'><strong>Deo</strong></span> <span class='ocrx_word' id='word_1_165' title='bbox 509 3247 746 3342; x_wconf 89' lang='lat' dir='ltr'><strong>sapientiam</strong></span> <span class='ocrx_word' id='word_1_166' title='bbox 777 3249 900 3344; x_wconf 79' lang='lat' dir='ltr'><strong>lruJus</strong></span> <span class='ocrx_word' id='word_1_167' title='bbox 918 3250 1061 3321; x_wconf 91' lang='lat' dir='ltr'><strong>mundi</strong></span> <span class='ocrx_word' id='word_1_168' title='bbox 1081 3247 1266 3322; x_wconf 79' lang='lat' dir='ltr'><strong>Salvator</strong></span> <span class='ocrx_word' id='word_1_169' title='bbox 1285 3253 1420 3320; x_wconf 90' lang='lat' dir='ltr'><strong>noster</strong></span> <span class='ocrx_word' id='word_1_170' title='bbox 1439 3248 1632 3322; x_wconf 90' lang='lat' dir='ltr'><strong>electione</strong></span> 
     </span>
    </p>
   </div>
   <div class='ocr_carea' id='block_1_4' title="bbox 188 3373 1747 3469">
    <p class='ocr_par' dir='ltr' id='par_1_9' title="bbox 188 3373 1747 3469">
     <span class='ocr_line' id='line_1_24' title="bbox 188 3373 1747 3469; baseline 0.001 -25"><span class='ocrx_word' id='word_1_171' title='bbox 188 3373 429 3467; x_wconf 87' lang='lat' dir='ltr'><strong>simplicium</strong></span> <span class='ocrx_word' id='word_1_172' title='bbox 452 3374 689 3462; x_wconf 83' lang='lat' dir='ltr'><strong>confutavit,</strong></span> <span class='ocrx_word' id='word_1_173' title='bbox 706 3379 763 3462; x_wconf 90' lang='lat' dir='ltr'><strong>ut,</strong></span> <span class='ocrx_word' id='word_1_174' title='bbox 780 3375 884 3446; x_wconf 89' lang='lat' dir='ltr'><strong>sicut</strong></span> <span class='ocrx_word' id='word_1_175' title='bbox 898 3376 1091 3469; x_wconf 86' lang='lat' dir='ltr'><strong>scriptum</strong></span> <span class='ocrx_word' id='word_1_176' title='bbox 1108 3378 1178 3464; x_wconf 84' lang='lat' dir='ltr'><strong>est,</strong></span> <span class='ocrx_word' id='word_1_177' title='bbox 1197 3397 1277 3446; x_wconf 95' lang='lat' dir='ltr'><strong>non</strong></span> <span class='ocrx_word' id='word_1_178' title='bbox 1293 3373 1486 3468; x_wconf 80' lang='lat' dir='ltr'><strong>glorietur</strong></span> <span class='ocrx_word' id='word_1_179' title='bbox 1500 3375 1632 3446; x_wconf 89' lang='lat' dir='ltr'><strong>omnis</strong></span> <span class='ocrx_word' id='word_1_180' title='bbox 1744 3393 1747 3398; x_wconf 85' lang='grc'>’</span> 
     </span>
    </p>
   </div>
   <div class='ocr_carea' id='block_1_5' title="bbox 187 3498 1633 3939">
    <p class='ocr_par' dir='ltr' id='par_1_10' title="bbox 187 3498 1633 3939">
     <span class='ocr_line' id='line_1_25' title="bbox 188 3498 1633 3594; baseline 0.001 -26"><span class='ocrx_word' id='word_1_181' title='bbox 188 3520 279 3568; x_wconf 89' lang='lat' dir='ltr'><strong>caro</strong></span> <span class='ocrx_word' id='word_1_182' title='bbox 307 3499 350 3569; x_wconf 94' lang='lat' dir='ltr'><strong>in</strong></span> <span class='ocrx_word' id='word_1_183' title='bbox 379 3503 593 3591; x_wconf 87' lang='lat' dir='ltr'><strong>conspectu</strong></span> <span class='ocrx_word' id='word_1_184' title='bbox 621 3499 770 3593; x_wconf 87' lang='lat' dir='ltr'><strong>ejus...¹</strong></span> <span class='ocrx_word' id='word_1_185' title='bbox 803 3498 973 3586; x_wconf 89' lang='lat' dir='ltr'><strong>Verum,</strong></span> <span class='ocrx_word' id='word_1_186' title='bbox 1002 3521 1053 3572; x_wconf 91' lang='lat' dir='ltr'><strong>ue</strong></span> <span class='ocrx_word' id='word_1_187' title='bbox 1081 3503 1120 3572; x_wconf 91' lang='lat' dir='ltr'><strong>te</strong></span> <span class='ocrx_word' id='word_1_188' title='bbox 1148 3499 1307 3594; x_wconf 85' lang='lat' dir='ltr'><strong>longius</strong></span> <span class='ocrx_word' id='word_1_189' title='bbox 1340 3498 1532 3592; x_wconf 82' lang='lat' dir='ltr'><strong>exemplis</strong></span> <span class='ocrx_word' id='word_1_190' title='bbox 1561 3503 1633 3570; x_wconf 88' lang='lat' dir='ltr'><strong>aut</strong></span> 
     </span>
     <span class='ocr_line' id='line_1_26' title="bbox 187 3619 1633 3727; baseline 0.003 -37"><span class='ocrx_word' id='word_1_191' title='bbox 187 3621 409 3693; x_wconf 86' lang='lat' dir='ltr'><strong>rationibus</strong></span> <span class='ocrx_word' id='word_1_192' title='bbox 438 3624 682 3727; x_wconf 80' lang='lat' dir='ltr'><strong>protraham,</strong></span> <span class='ocrx_word' id='word_1_193' title='bbox 712 3625 762 3694; x_wconf 89' lang='lat' dir='ltr'><strong>ad</strong></span> <span class='ocrx_word' id='word_1_194' title='bbox 790 3625 932 3696; x_wconf 87' lang='lat' dir='ltr'><strong>fratres</strong></span> <span class='ocrx_word' id='word_1_195' title='bbox 960 3625 1153 3718; x_wconf 90' lang='lat' dir='ltr'><strong>quosdam</strong></span> <span class='ocrx_word' id='word_1_196' title='bbox 1192 3625 1312 3695; x_wconf 73' lang='lat' dir='ltr'><strong>noea-13</strong></span> <span class='ocrx_word' id='word_1_197' title='bbox 1344 3619 1535 3718; x_wconf 88' lang='lat' dir='ltr'><strong>temporis</strong></span> <span class='ocrx_word' id='word_1_198' title='bbox 1567 3646 1633 3694; x_wconf 89' lang='lat' dir='ltr'><strong>ve-</strong></span> 
     </span>
     <span class='ocr_line' id='line_1_27' title="bbox 187 3744 1632 3842; baseline 0.003 -29"><span class='ocrx_word' id='word_1_199' title='bbox 187 3744 297 3814; x_wconf 90' lang='lat' dir='ltr'><strong>niam</strong></span> <span class='ocrx_word' id='word_1_200' title='bbox 327 3751 378 3832; x_wconf 88' lang='lat' dir='ltr'><strong>ct,</strong></span> <span class='ocrx_word' id='word_1_201' title='bbox 406 3769 509 3838; x_wconf 83' lang='lat' dir='ltr'><strong>¹quae</strong></span> <span class='ocrx_word' id='word_1_202' title='bbox 537 3769 607 3840; x_wconf 90' lang='lat' dir='ltr'><strong>por</strong></span> <span class='ocrx_word' id='word_1_203' title='bbox 635 3748 740 3840; x_wconf 88' lang='lat' dir='ltr'><strong>ipsos</strong></span> <span class='ocrx_word' id='word_1_204' title='bbox 778 3747 880 3818; x_wconf 91' lang='lat' dir='ltr'><strong>mira</strong></span> <span class='ocrx_word' id='word_1_205' title='bbox 914 3751 1093 3842; x_wconf 89' lang='lat' dir='ltr'><strong>patratus</strong></span> <span class='ocrx_word' id='word_1_206' title='bbox 1122 3752 1180 3821; x_wconf 88' lang='lat' dir='ltr'><strong>est</strong></span> <span class='ocrx_word' id='word_1_207' title='bbox 1209 3747 1423 3836; x_wconf 89' lang='lat' dir='ltr'><strong>Dominus,</strong></span> <span class='ocrx_word' id='word_1_208' title='bbox 1455 3769 1534 3818; x_wconf 92' lang='lat' dir='ltr'><strong>non</strong></span> <span class='ocrx_word' id='word_1_209' title='bbox 1563 3747 1632 3818; x_wconf 90' lang='lat' dir='ltr'><strong>ab·</strong></span> 
     </span>
     <span class='ocr_line' id='line_1_28' title="bbox 187 3867 389 3939; baseline 0 -1"><span class='ocrx_word' id='word_1_210' title='bbox 187 3867 389 3939; x_wconf 80' lang='lat' dir='ltr'><strong>scendum.</strong></span> 
     </span>
    </p>
   </div>
   <div class='ocr_carea' id='block_1_6' title="bbox 294 4144 900 4218">
    <p class='ocr_par' dir='ltr' id='par_1_11' title="bbox 294 4144 900 4218">
     <span class='ocr_line' id='line_1_29' title="bbox 294 4144 900 4218; baseline 0.015 -19"><span class='ocrx_word' id='word_1_211' title='bbox 294 4144 303 4173; x_wconf 87' lang='lat'>¹</span> <span class='ocrx_word' id='word_1_212' title='bbox 324 4149 333 4199; x_wconf 86' lang='lat'>1</span> <span class='ocrx_word' id='word_1_213' title='bbox 359 4145 423 4200; x_wconf 86' lang='lat' dir='ltr'><strong>Cor.</strong></span> <span class='ocrx_word' id='word_1_214' title='bbox 446 4148 471 4214; x_wconf 92' lang='lat' dir='ltr'><strong>l,</strong></span> <span class='ocrx_word' id='word_1_215' title='bbox 493 4147 544 4212; x_wconf 65' lang='lat' dir='ltr'><strong>aa,</strong></span> <span class='ocrx_word' id='word_1_216' title='bbox 564 4149 612 4202; x_wconf 86' lang='lat' dir='ltr'><strong>hio</strong></span> <span class='ocrx_word' id='word_1_217' title='bbox 632 4149 718 4218; x_wconf 86' lang='lat' dir='ltr'><strong>plura</strong></span> <span class='ocrx_word' id='word_1_218' title='bbox 737 4151 900 4208; x_wconf 86' lang='lat' dir='ltr'><strong>omisimus.</strong></span> 
     </span>
    </p>
   </div>
   <div class='ocr_carea' id='block_1_7' title="bbox 0 0 1944 5568">
    <p class='ocr_par' dir='ltr' id='par_1_12' title="bbox 0 0 1944 5568">
     <span class='ocr_line' id='line_1_30' title="bbox 0 0 1944 5568; baseline 0 1"><span class='ocrx_word' id='word_1_219' title='bbox 0 0 1944 5568; x_wconf 95' lang='lat' dir='ltr'><strong> </strong></span> 
     </span>
    </p>
   </div>
  </div>
 </body>
</html>
