3880 5568
658 465 715 516 on
748 463 993 518 marcuinus
1021 463 1244 516 trutinatur.
1591 416 1667 516 toi

224 691 346 784 ‚juxte
367 695 531 765 verbum
549 693 731 766 mulieris
745 694 904 766 effectui
920 695 1150 790 mancipare
1165 699 1336 780 curaret,
1351 695 1476 765 frater
1491 695 1669 788 quidam,

227 819 365 890 fratris
395 817 610 889 (iisrnundi
640 819 781 906 socius,
812 819 972 890 interim
999 819 1161 890 dentem
1183 841 1309 890 unum
1339 825 1450 890 etos
1479 818 1595 913 digiti
1615 818 1670 888 la-

229 945 361 1016 tenter·
399 943 567 1014 abstulit
595 948 635 1014 et
673 943 902 1030 abscondit;
942 943 1047 1013 unde
1083 942 1209 1013 frater
1247 941 1498 1014 Gisrnundus
1526 942 1671 1013 iterato

229 1066 417 1161 apparuit
445 1067 605 1138 mulieri
634 1067 785 1150 dicens:
821 1064 977 1140 «Vade
1005 1074 1045 1138 et
1074 1067 1137 1138 dic
1163 1047 1373 1154 monacho,
1393 1067 1498 1160 quod
1528 1087 1672 1159 eorpus

228 1214 366 1264 meum
395 1192 598 1286 integrum
630 1213 710 1262 non
741 1191 928 1284 portavit,
958 1191 1092 1263 deficit
1120 1193 1228 1263 enim
1259 1213 1303 1262 os
1333 1214 1459 1263 unum
1489 1191 1606 1286 digiti
1630 1195 1672 1260 et

228 1317 326 1387 dens
354 1337 513 1403 unus;›
550 1316 657 1409 quod
686 1338 778 1386 cum
808 1314 1028 1387 monachus
1056 1315 1250 1388 fratribus
1279 1317 1515 1404 nuntiasset,
1545 1315 1671 1386 admi-

230 1442 412 1512 rantibus
431 1441 585 1512 cunctis
605 1441 850 1534 guardianns
870 1440 1078 1511 mandavit
1099 1461 1168 1532 per
1187 1439 1459 1512 obedientiam
1479 1439 1673 1510 fratribus

230 1561 439 1650 universis,
471 1567 527 1647 ut,
548 1563 792 1657 quicumque
820 1563 977 1635 tulisset
996 1564 1163 1658 aliquid,
1184 1565 1413 1637 restitueret
1440 1565 1525 1635 sine
1545 1586 1671 1634 mora.

229 1685 393 1757 Timens
421 1687 545 1780 igitur
572 1688 697 1758 frater
725 1688 974 1760 obedientiae
1003 1691 1214 1778 contraire,
1235 1691 1341 1783 quod
1369 1711 1440 1782 pro
1459 1688 1672 1760 devotione

230 1833 276 1881 ac
296 1813 520 1882 reverentia
539 1813 676 1883 fratris
695 1817 912 1905 treceperat,
929 1815 1065 1884 statim
1087 1814 1283 1886 monacho
1303 1813 1534 1908 resignavit.
1556 1811 1673 1903 Quod

231 1935 429 2028 accipiens
457 1936 677 2006 monachus
705 1959 795 2007 eum
826 1935 982 2028 ingenti
1001 1937 1148 2029 gaudio
1168 1938 1218 2009 ad
1240 1935 1526 2006 monasterium
1553 1935 1673 2005 rediit

230 2064 270 2131 et
297 2083 386 2132 curn
418 2059 572 2153 reliquo
605 2083 780 2153 corpore,
810 2061 916 2154 quod
955 2067 1168 2154 receperat,
1203 2059 1511 2132 honorificentia
1538 2059 1673 2130 debita

232 2183 453 2277 sepelivit¹

337 2307 519 2379 rtnditor.
533 2307 643 2380 Bene
655 2309 770 2380 valde
782 2308 973 2403 [prodest]
989 2309 1186 2396 tidelibus,
1199 2313 1244 2379 ut
1258 2309 1434 2396 adverto,
1451 2306 1672 2382 amicorum

231 2432 311 2504 Dei
339 2433 658 2504 familiaritatem
690 2433 730 2504 in
753 2433 951 2526 praesenti
972 2433 1151 2503 caritatis
1175 2433 1250 2504 sibi
1271 2431 1411 2503 officiis
1431 2452 1674 2524 comparare,

232 2558 302 2650 qui
331 2579 411 2628 non
441 2559 569 2629 solunt
602 2557 642 2626 in
672 2579 835 2651 corpore
869 2557 1076 2628 constituti
1109 2558 1153 2650 (f.
1176 2555 1288 2650 laer)
1323 2555 1516 2627 beneficia
1545 2554 1674 2625 inulta

232 2681 387 2752 dilectis
416 2681 498 2752 suis
518 2681 721 2770 exhibent,
742 2682 810 2752 sed
838 2681 1019 2752 defuncti
1049 2679 1169 2750 etiarn
1201 2677 1303 2770 apud
1324 2675 1459 2746 Deum
1481 2675 1523 2745 in
1544 2695 1675 2746 neces·

232 2805 417 2877 sitatibus
445 2829 581 2876 eorum
615 2805 768 2876 utiliter
795 2828 931 2876 euram
962 2811 1118 2898 gerunt.

340 2929 548 3002 ⁴l'crrntor.
566 2929 668 3000 Cum
689 2927 874 3001 Salvator·
885 2928 1094 3022 evangelio
1110 2931 1210 2998 teste
1226 2925 1329 2996 tilios
1344 2923 1445 2994 lueis
1460 2924 1674 2994 aclmoneat

232 3055 386 3125 dicens:
422 3081 438 3120 «
461 3053 600 3126 Facite
621 3054 734 3124 vobis
753 3055 904 3125 amicos
923 3055 972 3125 de
991 3073 1225 3123 mammona
1244 3047 1483 3144 iniquitatis,
1504 3051 1561 3136 nt,
1583 3069 1674 3118 cum

232 3177 468 3266 defeceritis,
498 3179 693 3272 recipiant
722 3199 791 3249 ros
825 3178 867 3248 in
897 3180 1059 3248 aeterna
1087 3173 1356 3262 tabernacula,
1379 3171 1426 3240 »²
1462 3171 1675 3242 manifeste

231 3301 419 3390 declarat,
440 3325 559 3396 quem
591 3301 790 3373 lucrosum
821 3303 874 3374 sit
902 3301 1100 3372 amicitias
1126 3319 1331 3370 servorum
1351 3295 1431 3367 Dei
1452 3295 1676 3366 sedulitatis

233 3427 432 3520 obsequiis
460 3426 628 3520 assequi,
658 3427 804 3518 quibus
836 3425 1107 3498 mediantibus
1145 3429 1330 3495 aeternae
1370 3419 1589 3492 mansionis
1617 3420 1676 3490 in-

232 3571 408 3643 gressum
440 3551 676 3642 pronuntiat
705 3551 924 3644 impetrari.
956 3549 1124 3622 Constat
1146 3551 1296 3630 autern,
1326 3547 1433 3640 quia,
1463 3546 1496 3616 si
1524 3549 1564 3615 et
1593 3543 1675 3628 illa,

232 3695 334 3766 quae
362 3673 618 3744 aeternaliter·
657 3697 928 3767 pennansura,
964 3676 1190 3769 [procurare
1219 3675 1395 3766 possunt,
1426 3671 1552 3762 inagis
1580 3669 1677 3760 alia]

233 3797 506 3892 indigentibus
536 3800 750 3870 miserante
778 3799 867 3870 Deo
895 3799 1124 3891 compartiri
1154 3801 1319 3891 queunt,
1349 3795 1430 3865 illis
1459 3793 1675 3886 potissime,

233 3923 301 4016 qui
326 3923 511 4016 operibus
531 3923 827 3996 misericordiae
846 3923 970 3994 dediti
991 3924 1031 3994 in
1062 3923 1136 3993 hac
1154 3921 1237 3992 vita
1259 3917 1581 4014 propitiationem
1600 3915 1675 3986 sibi

234 4047 319 4117 lieri
341 4053 586 4134 mernerunt,
603 4049 760 4120 dicente
780 4047 976 4119 Domino:
1004 4045 1158 4117 «Beati
1177 4043 1463 4131 nriscricordeS,
1484 4039 1675 4135 quoniam

234 4171 307 4263 ipsi
339 4171 652 4242 misericordiam
682 4169 1053 4266 consequentum),
1081 4169 1197 4261 Quod
1225 4177 1270 4240 ut
1298 4168 1355 4238 ita
1382 4164 1565 4257 exemplo
1593 4185 1677 4234 sen·

341 4485 349 4510 ¹
370 4479 455 4532 Brevi
475 4481 623 4548 excerpsit
643 4479 882 4535 Baaunon.P1s.
906 4479 923 4532 l.
946 4495 971 4532 c.
997 4478 1042 4531 De
1061 4477 1215 4546 provincia
1233 4475 1371 4544 Apuliae,
1393 4473 1489 4527 Locus
1516 4471 1615 4526 Silvae
1642 4471 1678 4524 de

234 4568 332 4622 Mcltia
352 4567 438 4634 (odic
458 4569 600 4622 monacho
620 4569 740 4623 nomine
759 4571 967 4638 rostangno»);
998 4567 1122 4622 To'ssm.
1146 4565 1165 4618 1.
1187 4581 1212 4618 e.
1235 4563 1284 4616 toi.
1309 4565 1391 4618 loo:
1413 4562 1475 4614 «Β.
1492 4559 1678 4615 Gismundus

233 4659 390 4712 sanctitate
409 4661 438 4711 et
459 4657 609 4712 miraculis
623 4657 751 4726 insignis
764 4658 839 4714 situs
852 4663 896 4712 est
909 4659 938 4711 in
953 4655 1114 4725 antiquiori
1129 4655 1193 4707 loco
1204 4650 1315 4720 Sylvae
1329 4651 1454 4718 licitiae,
1470 4651 1557 4704 cuius
1571 4665 1679 4718 eorpus

233 4747 408 4800 translatum
428 4747 523 4801 estin
543 4747 698 4801 eeclesiam
718 4745 747 4800 S.
770 4745 922 4815 Stephani,
935 4747 1090 4800 inventum
1110 4743 1256 4798 divinitus
1277 4743 1454 4797 revelatione
1469 4742 1546 4795 iacta
1559 4739 1677 4793 cuidam

234 4835 360 4889 mulieri.
383 4853 398 4884 »
429 4835 628 4890 ll'anumnrs
653 4835 690 4888 ad
716 4851 763 4889 an.
787 4835 854 4888 12-11
881 4852 909 4888 n.
938 4851 990 4888 xix
1018 4834 1094 4887 idern
1123 4835 1233 4886 facturn
1263 4848 1317 4886 sun
1344 4831 1412 4886 stilo
1441 4831 1529 4885 relert
1551 4829 1578 4897 t«
1596 4829 1678 4882 tratri

234 4921 403 4990 Tristennn,
423 4923 470 4976 vel
487 4924 576 4990 juxte
594 4924 737 4977 Pisanum
757 4923 906 4978 Restannn
919 4927 948 4986 a)
968 4925 997 4976 in
1019 4923 1154 4992 margine
1172 4924 1268 4977 citans
1289 4919 1508 4975 «Crescens».

340 5013 349 5038 '³
370 5012 442 5066 Luc.
467 5013 506 5071 16.
528 5013 553 5065 9,

340 5107 349 5134 ³
370 5101 473 5155 Matth.
495 5101 521 5167 i),
543 5101 568 5154 i.
