3902 5570
284 355 333 426 26
797 374 854 426 nn
884 375 916 423 s.
947 373 1140 425 w,susurrio
1173 373 1208 423 r.

278 607 391 677 vovit
423 606 650 699 deprecans,
672 607 717 675 ut
746 605 921 698 cupitam
953 603 1082 675 dictae
1111 603 1217 688 tiliae
1246 604 1458 675 sanitatem
1484 603 1647 674 reddere
1667 604 1723 673 di-

278 733 484 824 gnaretur3
514 751 593 822 quo
622 729 765 800 emisso
786 728 970 822 lapillum
991 729 1205 822 quemdam
1227 728 1419 799 continuo
1439 750 1508 821 per
1532 727 1721 798 inferiora

278 854 449 948 projecit
474 844 528 925 'ac
565 853 750 946 deinceps
787 853 1051 946 aegritudinis
1085 853 1327 946 praelibatae
1365 853 1518 924 nullam
1557 852 1723 946 pertulit

279 979 516 1071 passionem.
534 979 541 1013 ¹

386 1103 596 1178 Nurrctor.
627 1103 742 1174 Haec
762 1103 886 1196 igitur
906 1102 1134 1194 supradicta
1153 1106 1194 1174 et
1212 1103 1400 1196 pleraque
1424 1103 1504 1173 alia
1524 1101 1721 1173 virtutum

279 1229 392 1322 signa
412 1225 614 1298 Dominus
645 1227 866 1321 majestatis
895 1249 965 1320 per
992 1248 1152 1299 servum
1178 1249 1293 1299 suurn
1315 1221 1545 1299 Antonium
1567 1225 1722 1318 operari

278 1351 566 1444 dignatusest,
597 1373 699 1445 quae
738 1373 819 1422 nou
858 1355 953 1424 suut
990 1352 1139 1445 scripta
1166 1352 1207 1422 in
1239 1351 1341 1422 libro
1372 1351 1467 1436 boc3
1506 1352 1554 1421 dc
1585 1349 1724 1420 multis

279 1480 417 1546 tamen
448 1476 544 1547 baec
573 1476 818 1568 decerpendo
847 1498 973 1569 pauca
1001 1477 1228 1570 conscripsi,
1250 1482 1294 1548 ut
1322 1481 1362 1547 et
1381 1475 1491 1546 laudi
1516 1475 1603 1568 ejus
1622 1473 1724 1566 adji-

280 1623 366 1671 cere
395 1601 649 1694 cupientibus
678 1601 926 1672 occasionem
959 1601 1229 1673 ministrarem
1261 1625 1306 1672 ac
1335 1601 1530 1672 brevitate
1559 1599 1642 1670 stili
1672 1597 1723 1668 le-

279 1726 399 1818 gendi
428 1727 604 1798 studium
636 1747 907 1818 provocarem.
948 1723 990 1798 Si
1026 1727 1132 1797 enim
1169 1749 1239 1819 per
1267 1725 1426 1820 singula
1454 1724 1724 1795 scriberentur

280 1849 395 1944 signa
415 1851 513 1944 ejus,
535 1851 671 1937 timeo,
694 1851 866 1921 ncsicut
886 1851 1105 1922 multitudo
1120 1851 1343 1938 fastidium,
1365 1850 1420 1921 ita
1440 1849 1559 1920 otiam
1583 1854 1623 1919 et
1642 1869 1724 1916 mu-

278 1974 447 2068 gnitudo
476 1997 640 2068 operum
670 1975 845 2046 dissueta
865 1974 1119 2046 intirmorum
1152 1975 1354 2048 mentibus
1373 1973 1591 2046 dubietatis
1620 1994 1723 2044 scru-

279 2097 420 2190 pulum
451 2103 672 2192 generaret.

388 2222 561 2316 Idrplioit
591 2225 635 2293 (lc
667 2225 743 2293 ritu
773 2230 808 2294 ct
839 2224 1036 2294 ruiruculir
1065 2225 1189 2294 acturi
1218 2223 1391 2294 Antonii.

386 2473 567 2544 Auditor.
597 2473 725 2544 Fama
752 2473 986 2564 divulgante
1017 2472 1232 2544 nonnullos
1261 2495 1376 2566 saepe
1404 2472 1575 2544 fratrum
1598 2475 1723 2544 nostri

280 2597 432 2669 ordinis
459 2597 558 2668 alios
586 2597 723 2668 audivi
751 2591 797 2695 (f.
829 2593 915 2696 3b'l)
945 2596 1074 2667 multa
1098 2597 1365 2668 admiratione
1394 2597 1516 2688 digna
1544 2596 1723 2690 gessisse,

279 2723 348 2792 sed
367 2721 564 2792 incertum
585 2721 802 2810 abnuens,²
825 2721 858 2791 si
879 2721 974 2815 quid
991 2722 1039 2792 de
1055 2721 1254 2812 ejusruodi
1270 2722 1417 2792 retines
1437 2724 1604 2808 certum,
1621 2721 1721 2791 mibi

279 2847 327 2918 de
356 2847 559 2939 praedicto
588 2847 802 2939 aperiendo
831 2845 1034 2939 procedas.

458 3155 526 3227 Dr}
560 3175 660 3226 l'l'lbl
691 3175 742 3226 ΕΤ
774 3177 1012 3228 strictonius
1047 3175 1172 3234 {nnt'rl
1206 3157 1534 3227 ΒΙῧΝΙῦΥΕΝΙἽῚ.ἱ

388 3468 597 3542 Narratur.
627 3468 725 3539 Fuit
753 3469 815 3540 vir
844 3469 1008 3562 quidam
1038 3470 1086 3540 de
1118 3468 1288 3560 Ilupudr'r'
1316 3469 1496 3562 partibus
1517 3471 1722 3558 oriundus

281 3592 606 3664 annumeras
622 3593 797 3680 nomine,
815 3593 883 3686 qui
894 3593 1015 3687 juxta
1030 3594 1091 3663 sui
1110 3615 1191 3664 rem
1210 3593 1387 3664 nominis
1402 3594 1528 3665 divini
1546 3597 1725 3666 muneris

281 3717 557 3788 benedictione
578 3721 827 3808 praeventus,
846 3717 951 3788 vitae
982 3717 1220 3788 venerabilis
1239 3719 1368 3809 gratia
1388 3741 1544 3790 necnon
1564 3743 1721 3791 morum

280 3841 488 3912 honestate
508 3841 743 3933 conspicuus
772 3841 957 3912 miranda
976 3842 1130 3913 cunctis
1154 3849 1224 3944 aut
1254 3843 1385 3935 potius
1413 3843 1611 3914 imitanda·
1639 3867 1725 3916 san-

280 3970 367 4036 ctae
387 3965 699 4036 conversationis
715 3966 889 4059 insignia
908 3966 1076 4058 posteris
1096 3967 1320 4060 dereliquit.
1341 3966 1516 4039 Litteras
1536 3991 1723 4062 namque,

280 4113 371 4160 cum
393 4112 473 4160 non
502 4089 715 4178 didicisset,
737 4089 925 4184 ignorans
954 4091 1146 4161 virtutem
1174 4091 1330 4162 litterae
1351 4091 1440 4184 plus
1465 4115 1581 4185 opere
1601 4117 1722 4186 quam

279 4236 461 4284 sermone
477 4214 726 4286 monstrabat
741 4215 783 4285 iu
804 4215 1007 4286 mandatis
1022 4219 1061 4286 et
1070 4214 1433 4308 justificationibus
1450 4215 1618 4288 Domini
1638 4219 1724 4288 sine

281 4334 475 4434 [querela]
509 4337 736 4430 procedens.
767 4337 955 4434 Denique
983 4343 1103 4410 nacta
1131 4338 1272 4410 salutis
1301 4341 1505 4412 occasione
1535 4341 1723 4434 perfecta,

280 4462 386 4554 quod
405 4462 470 4554 pio
485 4462 648 4556 gerebat
663 4463 706 4532 in
721 4467 892 4555 pectore,
909 4464 1038 4556 operis
1053 4463 1311 4536 attestatione
1330 4465 1507 4537 firmavit
1521 4489 1567 4536 ac
1582 4467 1725 4560 spretis

246 4633 249 4640 -
279 4577 612 4657 oblectationibus
641 4587 782 4658 mundi
811 4588 933 4681 hujus
960 4587 1125 4682 gloriosi
1153 4589 1279 4681 patris
1308 4588 1510 4660 Francisei
1545 4590 1726 4684 vestigiis

386 4810 450 4863 1Ιιι
470 4811 528 4880 leg.
551 4811 574 4863 Α
596 4811 688 4879 deest,
700 4811 781 4866 Bell.
803 4828 833 4865 n.
855 4811 898 4866 7-1.

386 4897 485 4952 ²Cod.
507 4915 673 4954 «annuens
687 4919 718 4968 »ς
739 4901 797 4970 leg.
818 4901 841 4953 A
865 4902 1040 4956 «incertum
1060 4903 1255 4957 abnuentes»
1276 4907 1354 4972 (pag.
1376 4905 1431 4970 82).

385 4991 395 5016 ³
414 4985 484 5042 Cod.
505 4989 618 5057 pluries
637 4988 879 5044 «benevenutus
893 5008 920 5058 »,
942 4989 1017 5044 alias
1038 4991 1242 5046 «Bevenutus
1255 5010 1281 5046 s.
