3880 5568
526 395 582 446 nu
613 395 786 447 sarran
815 395 1041 450 ⁴srnnnosro
1072 397 1357 452 urlisssnassr.
1617 382 1666 452 {53

225 537 326 544 ...q—-

327 621 415 724 (zll)
439 625 617 698 t-'imliios
641 627 795 712 odonis,
817 628 865 699 de
885 628 973 698 rico
992 628 1120 699 sancti
1139 628 1339 718 Faustini,
1362 631 1525 724 juratus
1551 631 1665 720 dixit,

219 753 338 847 quod,
358 774 449 823 eum
472 751 579 822 lilius
599 751 687 844 ejus
706 751 860 822 duobus
880 751 1084 822 iliensibus
1100 755 1241 846 ruptus
1256 755 1443 826 existeret
1463 754 1507 848 (f.
1520 753 1605 848 82²)
1626 761 1666 828 et

219 875 441 972 perplures
462 875 635 946 medicos
658 875 840 946 adhiberi
860 875 935 946 sibi
957 875 1133 946 remedia
1151 883 1413 969 procurasset,
1435 901 1507 949 nec
1531 879 1574 948 in
1595 879 1666 950 ali-

219 1025 298 1096 quo
317 1000 561 1094 profecisset,
591 1021 682 1070 cum
711 1022 791 1070 uno
821 1000 982 1070 tandem
1013 1000 1260 1071 medicorum
1289 1001 1453 1095 pepigit,
1484 1008 1528 1073 ut
1556 1025 1665 1074 eum-

218 1127 309 1197 dem
329 1123 426 1196 ferri
446 1123 691 1217 praecisione
711 1125 887 1206 curaret;
909 1123 1057 1194 timeus
1076 1127 1213 1196 tamen
1234 1125 1282 1195 dc
1302 1129 1430 1196 morte
1450 1125 1537 1216 tilii,
1558 1128 1664 1220 quod

219 1255 335 1344 pacto
376 1253 630 1337 convenerat,
674 1245 760 1318 lieri
789 1269 870 1318 non
899 1247 1094 1340 permisit.
1137 1245 1508 1340 Advesperascente
1541 1251 1665 1344 igitur

218 1374 283 1444 die
297 1373 470 1466 quodam
488 1393 675 1442 unacum
692 1393 814 1442 uxore
830 1393 902 1442 sua
917 1371 1034 1442 fratri
1050 1369 1269 1442 Ambrosio
1284 1373 1446 1444 devovit
1465 1375 1663 1463 eumdem,

217 1519 427 1591 maneque,
443 1496 551 1567 facto
579 1495 737 1566 invenit
756 1517 923 1588 puerum
946 1496 1074 1567 sancti
1103 1496 1240 1568 fratris
1260 1497 1414 1568 meritis
1433 1497 1664 1591 plenissime

218 1621 447 1692 liberatum.
463 1621 472 1655 ¹
672 1623 682 1633 ’

323 1740 412 1843 (25)
427 1744 607 1816 Domina
622 1743 796 1815 Laetitia
810 1743 1198 1836 testiticatajuravit,
1210 1746 1328 1839 (quod,
1341 1769 1432 1817 curn
1445 1745 1552 1817 lilius
1563 1747 1662 1839 ejus,

217 1869 381 1941 nomine
410 1869 636 1952 ,lndmotaa
668 1867 711 1938 in
741 1867 898 1960 pectine
926 1868 1077 1939 fractus
1106 1875 1208 1940 esset
1236 1873 1276 1939 et
1313 1869 1477 1940 intlatus
1504 1875 1663 1962 pectore

216 2017 262 2064 ac
291 1991 434 2082 vesica,
466 2015 538 2063 nec
567 1996 729 2086 propter
748 1992 850 2063 aeris
879 1991 1161 2085 intemperiem
1182 1993 1347 2064 auderet
1375 2016 1466 2064 cunr
1498 1994 1664 2064 medicis

216 2119 371 2190 tradere
401 2117 673 2206 incidendum,
703 2121 797 2187 roto
825 2116 932 2187 facto
961 2117 1011 2187 ad
1040 2116 1177 2188 fratris
1221 2115 1428 2187 Ambrosii
1457 2117 1662 2188 tunmlum

216 2241 426 2335 parvulum
457 2241 696 2334 deportavit.
718 2239 801 2312 Ubi
822 2263 912 2310 cum
944 2263 1015 2334 pro
1045 2241 1172 2311 salute
1193 2239 1268 2310 filii
1297 2241 1339 2310 in
1369 2240 1549 2312 oratione
1577 2263 1662 2334 per-

215 2367 382 2454 sisteret,
413 2366 568 2438 onnctin
598 2365 866 2452 cernentibus,
896 2365 965 2458 qui
994 2365 1219 2452 adstabant,
1251 2386 1348 2458 puer
1376 2364 1485 2436 illico
1514 2368 1574 2436 est
1602 2387 1663 2436 sa-

215 2497 333 2562 natus
374 2490 629 2583 dimissisque
658 2489 932 2583 ligaminibus,
963 2489 1109 2582 quibus
1146 2489 1282 2560 extitit
1309 2489 1512 2578 fasciatus,
1542 2512 1662 2562 sanus

214 2621 254 2688 et
282 2615 412 2687 alacer
440 2616 490 2686 ad
518 2615 678 2707 propria
707 2619 766 2686 est
795 2612 1013 2686 reversus.2

327 2739 383 2810 Dr
411 2737 718 2832 (illustrantibus.
753 2735 837 2831 (26)
872 2735 1063 2809 Matrona
1091 2738 1299 2831 quaedam,
1331 2729 1662 2836 nomineJRicca·

216 2865 363 2952 donna,
380 2867 511 2934 mater
526 2861 698 2934 Henriei
719 2861 864 2934 Reculi
880 2863 928 2933 de
943 2861 1032 2932 rico
1048 2863 1173 2932 sancti
1189 2861 1414 2949 luvenalis,
1424 2862 1661 2955 juramento

216 2989 406 3075 firmavit,
423 2987 541 3080 quod,
563 2973 653 3057 cum
674 2986 759 3056 tilia
779 2988 878 3079 eicis,
899 2987 1095 3057 inreabulo
1109 2981 1255 3086 (1282‘)
1270 2985 1483 3073 Benenato,
1500 2987 1543 3058 in
1558 2988 1660 3059 collo

215 3117 256 3183 et
275 3111 432 3205 spatula
451 3115 650 3182 tumorem
672 3133 864 3205 magnum
896 3135 944 3182 ex
973 3115 1217 3204 apostemate
1239 3109 1426 3182 toleraret
1455 3110 1523 3200 ita,
1554 3113 1660 3204 quod

213 3235 363 3306 collum
381 3235 512 3328 ipsum
531 3257 786 3328 nequaquam
812 3241 944 3329 posset
963 3235 1122 3307 flectere
1143 3257 1211 3306 seu
1232 3257 1405 3322 movere,
1421 3235 1539 3306 fratri
1559 3233 1660 3306 Am-

215 3360 347 3432 brosio
367 3363 505 3464 retum
529 3359 652 3448 vovit,
673 3361 792 3454 quod,
814 3360 846 3432 si
868 3359 1178 3431 misericorditer
1198 3381 1283 3430 eam
1307 3358 1513 3431 Dominus
1541 3361 1661 3454 respi-

214 3507 301 3556 cere
321 3485 567 3578 dignaretur,
588 3485 845 3578 sepulchrum
875 3486 962 3578 ejus
987 3508 1082 3556 'eom
1113 3484 1289 3574 imagine
1318 3506 1429 3554 cerea
1459 3484 1658 3567 visitaret

214 3609 398 3704 sequenti
418 3631 537 3680 mane
557 3610 712 3703 crepuit
739 3614 957 3703 apostema,
988 3613 1028 3680 et
1056 3609 1181 3680 effusa
1201 3608 1311 3680 sanie
1331 3609 1439 3701 turpi
1459 3608 1576 3680 valde
1595 3631 1659 3702 pe-

214 3733 387 3827 roptime
408 3733 542 3804 extitit
562 3734 742 3805 liberata.
760 3731 966 3827 Adiunxit
981 3735 1103 3806 etiam
1121 3733 1268 3806 mulier
1282 3733 1523 3827 supradicta,
1539 3734 1657 3826 quod,

214 3881 305 3929 cum
336 3857 444 3929 filins
473 3857 571 3950 ejus,
603 3839 794 3928 Hernicos
822 3859 999 3947 nomine,
1029 3859 1212 3951 passione
1240 3858 1421 3930 cardiaca
1445 3857 1657 3946 laboraret,

215 4005 287 4056 nee
308 3983 483 4076 aliquem
504 3982 685 4054 invenire
704 3986 847 4076 posset,
869 3983 937 4077 qui
958 3983 1035 4056 sibi
1050 4005 1168 4077 super
1183 3983 1257 4054 hoc
1277 3983 1499 4054 remedium
1520 3981 1658 4054 efficax

212 4107 433 4196 adhiberet,
463 4107 569 4178 facto
598 4111 691 4178 veto
720 4109 838 4180 fratri
866 4109 1118 4180 sanctissimo
1147 4131 1265 4205 super
1294 4108 1419 4201 ipsius
1452 4107 1656 4178 tumulum

213 4231 429 4303 collocavit
461 4233 669 4319 emndem3
700 4233 769 4304 ubi
799 4257 889 4304 curn
921 4233 1104 4304 sanitatis
1132 4235 1263 4327 gratia
1291 4237 1471 4326 ternpore
1500 4233 1657 4304 modico

212 4357 465 4450 perstitisset,
486 4357 536 4428 ad
566 4357 861 4428 invocationem
893 4357 996 4429 servi
1025 4356 1106 4428 Dei
1135 4380 1234 4451 puer
1262 4358 1371 4429 illico
1401 4361 1459 4429 est
1482 4361 1656 4429 curatus.

321 4477 405 4572 (27)
427 4479 678 4566 lienosos-oto,
709 4479 793 4549 tilia
822 4479 1062 4574 Bonsiglioli
1091 4481 1140 4550 de
1168 4481 1252 4551 rico
1278 4481 1406 4551 sancti
1429 4479 1457 4552 J
1462 4481 1655 4568 urenalis,

169 4673 177 4687 ,
206 4603 345 4694 jurata
373 4603 568 4696 deposuit,
598 4603 717 4696 quod,
748 4627 837 4674 (turn
860 4599 1065 4696 apostema
1085 4604 1365 4698 gravissimum
1388 4604 1428 4675 in
1451 4605 1580 4697 capite
1600 4609 1657 4676 to-

318 4918 389 4974 ¹01.
412 4920 504 4990 Fam,
526 4921 545 4978 l.
567 4938 593 4976 c.
614 4937 682 4991 pag.
706 4921 755 4975 131
776 4921 804 4992 (s
819 4921 913 4977 Sanno
933 4921 1139 4988 d‘oddoneal.

318 5007 390 5063 ''Ct
413 5010 505 5079 Frnr,
527 5011 546 5064 l.
568 5026 593 5063 c.
615 5025 682 5080 pag.
705 5011 754 5064 131
776 5010 925 5082 (sDonna
943 5010 1109 5080 Allegretta
1123 5010 1160 5080 »).
