3902 5570
1212 198 1223 240 l

279 395 329 468 22
565 396 569 405 '
796 382 852 468 od
882 417 913 471 s.
944 415 1139 470 nummio
1167 417 1205 467 r.

278 647 464 735 asseritis,
494 669 588 718 vcra
615 649 700 718 fore
720 655 851 720 cetera
870 649 1009 731 fatear,
1040 669 1141 740 quac
1169 647 1218 717 de
1242 645 1327 740 ipso
1355 645 1457 716 mihi
1487 647 1724 738 persuadere

278 770 530 842 contenditis.
550 797 567 836 a
588 769 854 865 Projectoque
869 773 917 842 dc
937 771 1048 860 solio,
1070 771 1112 840 in
1134 767 1245 866 [quo]
1266 771 1528 842 consederant
1542 771 1593 840 ad
1608 791 1722 862 pran-

277 895 467 983 dendum,
501 917 619 989 super
637 896 926 988 ‘pavimentum
963 895 1125 988 cyatho,
1160 894 1271 966 dictu
1304 893 1510 964 mirabile!
1540 894 1721 965 collisum

279 1019 401 1112 lapidi
417 1019 566 1092 vitrum
584 1020 732 1092 restitit
751 1027 790 1092 et
810 1020 1041 1091 videntibus
1061 1019 1200 1091 multis
1221 1019 1261 1088 in
1282 1018 1414 1112 platea
1429 1037 1550 1112 prope
1566 1019 1722 1088 adstan-

278 1145 385 1215 tibus
423 1143 699 1216 inconcussnm
740 1145 971 1238 permansit.
1003 1144 1091 1234 Quo
1121 1143 1206 1214 viso
1244 1143 1439 1214 miraculo
1476 1142 1722 1237 poenitentia

278 1269 421 1339 ductus
440 1269 490 1339 ad
504 1269 653 1338 vitrum
676 1267 847 1364 impiger
866 1267 982 1339 miles
1002 1269 1084 1360 ipse
1103 1267 1290 1362 prosiluit
1310 1267 1572 1360 illaesumque
1588 1289 1720 1337 secum

278 1391 492 1484 perferens,
523 1415 624 1485 quae
653 1392 760 1462 elicta
782 1391 844 1462 vel
874 1393 981 1462 facta
998 1391 1173 1480 fuerant,
1194 1394 1339 1462 cuncta
1356 1413 1426 1484 per
1446 1390 1626 1461 ordinent
1647 1390 1725 1460 fra-

279 1517 406 1586 tribus
425 1517 638 1586 enarravit.
660 1516 785 1587 Fac-ta
804 1538 896 1610 ergo
916 1515 1163 1586 contessione
1191 1514 1468 1608 peccaminum
1498 1515 1723 1606 injunctam

278 1640 353 1710 sibi
384 1640 671 1733 poenitentiam
701 1641 845 1711 bumili
876 1641 1087 1712 devotione
1116 1640 1289 1733 suscepit
1316 1645 1355 1710 et
1383 1638 1554 1710 fideliter
1582 1638 1726 1709 adbae-

279 1787 370 1836 rons
390 1763 550 1836 Christo
572 1766 759 1836 virtutem
782 1766 868 1858 eius
888 1765 1206 1837 constantissime
1227 1764 1515 1856 p1·acdicabat.¹

494 2011 694 2106 (Sequitur
722 2015 918 2106 diolopoa·
944 2015 1071 2108 percit
1102 2021 1286 2085 rumrolor
1304 2012 1381 2108 jol.
1414 2015 1509 2097 »²lI''):

388 2261 448 2333 Dr
460 2263 615 2332 briano
625 2285 805 2354 persuum
821 2269 855 2333 ct
865 2270 1014 2333 rclarinto.
1028 2259 1114 2361 (38)
1125 2263 1482 2354 Quidamclericus
1493 2263 1541 2333 dc
1554 2261 1725 2356 Anguil-

280 2387 392 2475 laria,
414 2385 599 2460 Gir-idom
618 2386 794 2476 nomine,
824 2408 915 2458 cum
945 2387 1009 2458 die
1038 2389 1208 2481 quadam
1240 2389 1480 2464 constitutus
1504 2387 1546 2456 in
1567 2409 1722 2457 carnera

279 2510 435 2582 dourini
450 2511 622 2603 episcopi
640 2508 823 2582 Paduani
839 2514 959 2582 testes
978 2533 1095 2604 super
1114 2512 1319 2583 miraculis
1339 2511 1463 2605 patris
1483 2510 1724 2582 sanctissimi

279 2637 522 2728 deponentes
541 2635 722 2705 (clanculo
742 2635 953 2724 derisisset,
974 2641 1090 2707 nocte
1119 2643 1309 2738 sequente
1329 2658 1398 2728 per
1422 2641 1550 2706 totum
1581 2657 1723 2727 (orpus

280 2760 415 2830 dolore
444 2759 573 2852 coepit
601 2759 846 2830 validissimo
862 2761 1066 2853 perurgeri
1086 2761 1155 2850 ita,
1176 2761 1280 2854 quod
1302 2761 1450 2854 absque
1474 2759 1724 2830 dubitatione

280 2884 458 2978 qnalibet
500 2884 640 2954 mortis
677 2884 752 2954 sibi
784 2884 985 2976 ,iudicium
1030 2886 1205 2956 erederet
1248 2885 1471 2956 imminere.
1502 2884 1721 2977 Indignum

280 3010 387 3080 enim
417 3030 457 3079 se
486 3008 758 3078 misericordia
777 3012 967 3102 reputans
990 3013 1158 3080 matrem
1180 3031 1291 3081 suam
1314 3008 1524 3079 humiliter
1543 3007 1727 3100 precibus

281 3132 381 3203 adiit
396 3136 447 3218 et,
463 3137 508 3203 ut
519 3132 701 3204 sanitatis
716 3133 887 3226 gratiam
904 3133 1092 3227 consequi
1110 3138 1341 3222 mereretur,
1358 3133 1399 3203 iu
1417 3133 1493 3203 tide
1504 3155 1575 3202 sua
1587 3136 1724 3202 votum

282 3261 419 3329 sancto
446 3257 595 3328 faceret
615 3257 658 3349 (f.
680 3255 761 3346 32²)
782 3257 1015 3329 obsecravit..
1038 3257 1126 3349 Quo
1146 3259 1252 3329 facto
1272 3263 1365 3328 ante
1385 3258 1490 3328 diem
1520 3255 1726 3326 ‹eonvaluit

281 3381 559 3468 lacescentem,
589 3387 628 3452 et
657 3381 725 3474 qui
754 3381 936 3453 veritatis
964 3387 1086 3455 testes
1114 3383 1292 3454 irriserat
1327 3381 1514 3468 infidelis,
1545 3381 1658 3452 testis
1687 3390 1725 3450 et

280 3506 364 3598 ipse
395 3505 575 3598 publicus
596 3506 775 3578 veritatis
798 3507 961 3578 effectus
982 3505 1133 3578 Christi
1162 3506 1332 3598 gloriam
1363 3506 1642 3600 p1·aedicavit.²

393 3629 450 3700 De
480 3627 695 3723 oouffinpia.
725 3624 813 3728 (39)
841 3630 962 3702 Forte
1000 3631 1063 3701 dic
1101 3632 1273 3724 quadam
1303 3631 1380 3701 viri
1409 3631 1530 3702 simul
1568 3635 1607 3701 et
1640 3653 1726 3700 mu·

282 3755 399 3825 lieres
427 3776 595 3824 numero
624 3755 750 3825 ferme
770 3773 890 3849 xxvi,
913 3759 956 3826 ut
976 3754 1172 3828 Venetiae
1191 3757 1414 3844 tenderent,
1435 3778 1581 3826 narem
1601 3777 1722 3825 unam

282 3878 387 3970 apud
409 3875 448 3949 S.
471 3876 677 3948 Hilarium
708 3869 1036 3949 conscenderunt.
1067 3878 1250 3972 Ounrque
1279 3879 1378 3950 bora
1406 3878 1654 3972 completorii
1676 3878 1726 3948 ad

282 3999 466 4070 lacunam
483 4000 603 4094 juxta
632 3998 671 4072 S.
703 3998 920 4094 (ieorgium
942 4002 990 4072 de
1014 3999 1143 4093 Alega
1167 4003 1452 4095 pervenissent,
1474 4007 1560 4072 orta
1579 4006 1726 4094 tempe-

283 4127 385 4194 state
401 4123 638 4218 gravissima
652 4127 701 4196 ad
718 4124 850 4196 locum
866 4125 1115 4218 praedictum
1135 4127 1314 4219 refugere
1330 4126 1591 4196 conabantur.
1607 4123 1726 4194 Prae-

282 4246 507 4319 valescente
531 4252 669 4320 autem
700 4250 860 4321 turbine
890 4249 1144 4343 conquassati
1173 4250 1223 4319 ud
1248 4249 1450 4342 incognita
1471 4249 1547 4320 sibi
1567 4270 1726 4341 prorsus

283 4371 370 4441 loca
389 4371 511 4442 delati
531 4377 644 4460 sunt3
667 4396 760 4444 nam
781 4373 909 4466 caligo
930 4374 1123 4467 quaedam
1146 4396 1236 4443 cum
1253 4377 1374 4444 vento
1390 4372 1512 4444 simul
1531 4377 1570 4443 et
1590 4372 1726 4465 plin-ia

283 4494 342 4565 ita
370 4495 494 4588 spissa
522 4497 690 4591 desuper
728 4497 996 4585 incumbebat,
1028 4501 1072 4568 ut
1100 4519 1140 4567 se
1169 4495 1342 4568 invicem
1373 4497 1440 4568 rix
1469 4497 1651 4568 videntes
1679 4497 1727 4566 de

283 4618 411 4690 salute
449 4620 609 4712 penitus
645 4621 911 4714 desperarent.
941 4620 1066 4691 Facta
1102 4620 1273 4714 denique
1311 4620 1557 4692 confessione
1595 4643 1727 4714 pecca·

391 4950 492 5021 ¹Leg.
513 4953 549 5018 A,
571 4969 600 5006 ιι.
622 4952 667 5020 47,
688 4953 763 5007 Boll.
785 4969 815 5007 n.
837 4955 881 5008 68.

391 5039 492 5110 ¹Leg.
514 5040 549 5106 el,
570 5056 600 5094 n.
622 5040 666 5108 51,
688 5041 763 5095 Boll.
784 5058 814 5096 ιι.
836 5042 879 5096 69.
