3902 5570
658 451 712 502 on
746 451 885 504 lamro
917 451 1218 502 ouxurrmrro.
1606 428 1656 500 43

127 719 131 726 -
212 677 307 748 dum
324 683 417 748 aute
433 699 575 772 eorpus
590 679 713 773 ipsius
728 683 829 750 esset
840 678 986 749 mulier
997 679 1226 768 constituta,
1243 679 1373 773 eoepit
1384 702 1430 751 ex
1443 684 1553 772 parte
1564 701 1657 772 qua-

212 799 302 872 dam
325 802 499 894 eorporis
515 803 736 874 remedium
753 803 983 896 persentire.
1001 801 1190 896 Sequenti
1209 809 1341 876 autom
1360 803 1423 875 die
1439 803 1583 874 iterum
1603 827 1659 874 re-

212 923 325 996 diens
344 927 393 996 ad
415 926 670 1019 sepulchrum
692 929 854 998 auctum
876 927 950 997 sibi
977 927 1160 998 sanitatis
1189 927 1383 998 auxilium
1410 927 1534 998 sensit
1553 927 1660 997 simi-

161 1081 166 1091 ·
214 1048 306 1120 liter
321 1050 532 1144 indulgeri.
551 1049 677 1121 Porro
693 1051 757 1122 die
772 1051 892 1122 tertia
912 1051 1055 1122 iterato
1071 1051 1297 1145 regrediens
1312 1051 1361 1121 ad
1376 1052 1383 1086 ¹
1408 1051 1579 1143 idipsum
1597 1051 1660 1120 de-

214 1173 408 1246 sideratae
424 1175 584 1268 ponitus
604 1173 758 1246 reddita
777 1177 837 1246 est
856 1175 1031 1246 sanitati.
1049 1174 1251 1246 Redeunti
1267 1197 1360 1260 vero
1376 1175 1425 1246 ad
1442 1175 1657 1267 hospitium

214 1298 308 1368 dum
339 1299 387 1369 (le
416 1299 604 1391 sospitate
634 1303 790 1392 recepta
819 1299 1144 1392 congratulantes
1173 1300 1209 1370 ei
1239 1304 1491 1370 (succurrerent
1528 1298 1661 1368 couri·

214 1423 339 1512 cinae,
360 1421 486 1494 animi
516 1423 679 1496 levitate
701 1429 881 1517 permota
909 1423 1012 1495 dixit
1031 1425 1151 1496 matri
1172 1447 1286 1496 suae:
1314 1451 1330 1490 c
1353 1421 1520 1494 Mallem
1542 1424 1660 1493 modo

214 1547 504 1638 aegritudinem
538 1547 732 1640 perditam
765 1570 874 1619 more
903 1548 1021 1618 solito
1049 1542 1195 1646 (thel)
1224 1548 1265 1618 in
1295 1570 1384 1619 meo
1414 1569 1575 1641 corpore
1600 1571 1661 1616 su-

215 1670 374 1759 stinere,
404 1693 524 1763 quam
557 1671 634 1765 [ut]
665 1672 714 1743 ob
743 1671 909 1744 istarum
932 1671 1147 1744 mulierum
1169 1673 1434 1766 praesentiam
1458 1675 1572 1742 tauta
1597 1692 1660 1740 me

216 1795 454 1898 uerecundia
494 1797 753 1888 perfudisset,
785 1823 802 1860 a
836 1819 915 1890 quo
944 1797 1051 1868 dicto
1080 1797 1233 1867 cunctis
1262 1798 1529 1884 cerrreutihus,
1560 1817 1660 1888 quae

214 1919 436 2006 adstabant,
475 1919 582 1990 t‘aota
620 1925 679 1991 est
722 1921 937 2015 hydropica
977 1921 1080 1992 siout
1118 1920 1239 2014 prius.
1270 1917 1369 1990 Mox
1398 1921 1520 2013 igitur
1548 1919 1660 1989 lacri-

214 2043 417 2114 mabiliter
454 2043 504 2114 ad
542 2043 798 2136 sepulchrum
838 2045 965 2116 sancti
1003 2045 1151 2134 fratris,
1191 2045 1285 2138 quia
1323 2067 1392 2138 per
1420 2068 1459 2114 sc
1493 2043 1550 2114 ire
1579 2064 1658 2112 non

216 2173 381 2258 poterat,
416 2175 475 2238 est
512 2167 656 2255 delata,
697 2167 762 2238 uhi
802 2169 1013 2240 devotione
1052 2169 1179 2240 nimia
1218 2167 1395 2238 Domino
1433 2167 1661 2260 supplicans

217 2289 289 2361 hoo
319 2291 482 2384 rogarit,
514 2296 557 2362 ut
585 2291 696 2362 verbi
727 2291 853 2374 stulti,
883 2293 988 2385 quod
1017 2291 1248 2386 protulerat,
1280 2314 1357 2362 uon
1389 2291 1661 2362 recordaretur

215 2417 264 2486 ad
293 2438 476 2508 poenam,
505 2417 571 2487 sod
601 2417 650 2486 ad
680 2416 850 2506 gloriam
881 2417 941 2487 sui
971 2417 1146 2486 nominis
1181 2415 1340 2487 uberius
1378 2415 1658 2506 declarandam

214 2542 406 2634 reciperet
452 2540 762 2612 misericorditer
809 2542 1101 2633 poenitentem3
1145 2541 1324 2611 oratioue
1368 2535 1501 2610 autem
1553 2539 1661 2610 facta

216 2665 361 2735 mulier
389 2666 437 2736 de
467 2663 752 2737 recidivatione
781 2665 995 2736 sanitatem
1027 2665 1245 2758 plenariam
1286 2663 1435 2734 meruit
1467 2664 1660 2735 obtinere.

218 2788 403 2860 (lotorum
434 2811 524 2859 omn
555 2793 643 2882 post
672 2779 755 2861 dios
783 2789 938 2882 aliquot
965 2789 1121 2859 dicente
1150 2789 1224 2858 sibi
1255 2793 1394 2876 matre,
1416 2789 1521 2882 (prod
1551 2811 1662 2882 opor-

216 2915 317 2982 teret
345 2935 434 2982 eam
462 2912 511 2982 ad
541 2908 835 2983 examinatores
864 2912 1148 2982 miraculorum
1170 2912 1354 2982 accedero
1375 2935 1446 3005 pro
1467 2913 1663 2984 testandis

216 3035 468 3106 mirabilibus
506 3036 546 3106 in
576 3059 617 3106 se
645 3035 800 3122 factis,2
833 3035 1047 3128 respoudit,
1078 3057 1118 3106 se
1147 3035 1259 3106 nullo
1298 3036 1415 3106 modo
1444 3037 1494 3107 ad
1523 3059 1659 3106 eorum

216 3157 480 3252 praesentiam
511 3181 774 3240 accessurarm
804 3165 919 3232 noete
945 3181 1037 3230 vero
1059 3159 1247 3252 sequenti
1272 3163 1384 3230 tanta
1413 3182 1554 3252 corpus
1575 3161 1662 3253 ejus

216 3283 389 3376 pervasit
417 3282 631 3354 infirmitas
668 3286 788 3376 atque
821 3282 945 3367 dolor,
975 3283 1080 3377 quod
1119 3289 1278 3376 propter
1315 3269 1565 3355 renationem
1604 3284 1661 3355 ui-

216 3406 353 3512 miam·
369 3406 546 3477 crederet
574 3429 614 3477 se
643 3406 821 3499 defungi.
852 3404 975 3477 Mane
1005 3407 1128 3500 igitur
1155 3408 1274 3496 laeto,
1295 3429 1385 3478 cum
1408 3407 1456 3478 de
1481 3429 1551 3478 sua
1571 3431 1662 3478 cell-

216 3529 391 3600 tumaeia
410 3529 644 3622 poeniteret,
679 3530 991 3602 misericordiam
1028 3531 1156 3624 petiit,
1177 3531 1433 3625 quoadusque
1463 3532 1663 3603 recederet

215 3653 435 3724 iufirmitas
460 3659 692 3743 memorata,
709 3655 978 3750 accedensque
993 3655 1043 3727 ad
1064 3655 1364 3754 disquisitorum
1386 3651 1432 3752 (f.
1446 3655 1531 3750 59»)
1552 3679 1662 3749 prac-

215 3777 385 3848 seutiam
425 3777 675 3866 festinanter,
705 3801 807 3872 quae
845 3780 1026 3873 superius
1064 3786 1158 3850 sunt
1196 3801 1391 3874 expressa,
1421 3785 1565 3874 cuncta
1592 3803 1663 3872 per

216 3901 395 3972 ordinem
433 3901 671 3974 enarravit³

321 4021 410 4123 (27)
430 4023 571 4098 Simile
591 4027 742 4122 aliquid
764 4028 932 4120 contigit
956 4027 1124 4114 Itohortq
1149 4027 1320 4116 cuidam,
1341 4027 1578 4120 cognomine
1598 4025 1661 4098 De

219 4148 440 4238 Armento,¹
461 4151 530 4244 qui
573 4173 664 4222 eum
695 4151 820 4223 trium
849 4152 1048 4222 mensium
1080 4152 1209 4245 spatio
1237 4153 1340 4224 foret
1368 4151 1530 4245 paralisi
1560 4174 1662 4223 rcso·

217 4273 338 4364 lutus,
368 4297 410 4346 os
439 4275 558 4346 etiam
592 4275 756 4347 haberet
785 4275 1032 4350 horribiliter
1051 4275 1300 4368 obliquatam
1323 4299 1368 4346 ao
1389 4299 1435 4346 ex
1456 4280 1568 4368 parte
1588 4277 1661 4348 liu-

216 4420 316 4492 guae
346 4399 521 4471 otlioium
552 4400 799 4492 perdidisset,
830 4423 910 4470 uon
940 4399 1099 4471 valebat
1120 4400 1306 4470 manibus
1326 4423 1366 4470 se
1390 4400 1534 4472 cibare.
1557 4401 1659 4472 Cum

324 4707 333 4733 ¹
353 4705 454 4760 Codex
473 4707 540 4758 «ob
554 4725 579 4759 ›>.

250 4837 255 4844 .
323 4801 332 4826 ³
352 4793 525 4862 Sequuntur
544 4797 575 4848 iu
595 4795 695 4850 codiee
715 4795 774 4850 duo
792 4795 891 4862 verba,
913 4796 990 4848 iuter
1009 4809 1087 4864 quae
1106 4795 1231 4848 habetur
1252 4794 1368 4862 lacuna,
1390 4811 1515 4865 quonuu
1541 4814 1661 4853 sensum

145 4873 156 4898 ⁶
217 4883 295 4938 haud
316 4883 496 4938 invenimus.

323 4975 333 5002 ³
352 4971 396 5026 Ol.
417 4973 489 5026 Acta
507 4972 570 5039 Sd,
595 4973 613 5027 l.
635 4989 660 5026 e.
682 4989 711 5028 u.
734 4975 760 5042 ll,
780 4975 832 5029 ubi
852 4975 1045 5030 contunditur
1064 4973 1119 5026 hoc
1138 4943 1318 5028 miraculum¹
1336 4979 1365 5028 et
1378 4975 1465 5044 illud,
1480 4977 1559 5045 quod
1572 4992 1661 5046 supra

216 5062 253 5116 de
271 5062 345 5114 Atra
365 5077 407 5120 ru.
428 5061 474 5132 tl)
494 5063 619 5118 relatum
639 5067 693 5116 est.
1153 5079 1162 5090 .
