3902 5570
256 405 322 458 XII
840 407 1151 462 Iurssouuorlo.

254 660 422 734 persona
446 639 488 710 in
512 639 670 734 dialogo
692 640 842 710 frustra
861 644 1119 732 quaeruntur.
1141 639 1284 710 Frater
1304 639 1556 711 Crescentiur
1584 639 1698 712 Aesi-

254 795 342 860 nus‚
364 771 433 865 qui
453 767 676 842 1244-1247
698 772 848 844 ordinis
869 772 1095 844 moderator
1114 794 1323 868 supremus
1342 772 1489 862 extitit,
1501 773 1696 868 majorem

253 904 439 1008 adhibuit
467 903 718 998 diligentiam
748 904 790 975 in
819 903 1104 976 traditionibus
1131 905 1304 976 fratrum
1334 904 1578 998 colligendis.
1604 903 1698 997 Ipsc

253 1037 489 1108 mandatum
519 1038 640 1128 dedit,
671 1039 717 1109 ut
741 1063 758 1106 ‹
780 1038 924 1109 fratres
943 1037 1057 1132 signa
1076 1042 1116 1109 et
1135 1037 1315 1132 prodigia
1334 1038 1554 1110 beatissimi
1574 1037 1698 1131 patr-is

254 1169 470 1258 Francisci,
500 1192 601 1263 quae
630 1169 721 1240 sciri
763 1169 827 1241 vel
868 1169 1032 1265 reperiri
1062 1174 1239 1263 possunt,
1271 1196 1289 1237 ›
1322 1169 1567 1256 indicarent3
1587 1171 1595 1205 ¹
1615 1171 1698 1262 ipse

253 1304 454 1398 praecepit
473 1302 590 1374 fratri
612 1301 781 1374 Thorace
804 1300 1017 1388 Octauenus-i,
1044 1337 1061 1370 a
1079 1303 1146 1397 qui
1167 1302 1339 1396 primam
1360 1303 1570 1397 legendam
1590 1301 1698 1374 beati

253 1435 459 1507 Francisci
487 1436 648 1526 fecerat,
678 1437 896 1508 utiterum
941 1435 1130 1508 scriberet
1158 1435 1280 1507 alium
1321 1436 1483 1526 librum,
1513 1458 1558 1507 eo
1591 1435 1696 1529 quod

163 1621 167 1630 .
252 1568 383 1641 multa
396 1569 707 1642 inveniebantur
721 1570 770 1640 de
781 1569 896 1640 beato
911 1568 1139 1658 Francisco‚
1151 1591 1252 1663 quae
1263 1569 1410 1663 scripta
1425 1591 1506 1640 non
1517 1573 1642 1640 erant.
1657 1567 1694 1634 »²

254 1701 374 1773 Illius
392 1701 626 1796 diligentiae
646 1705 686 1774 et
704 1701 813 1774 hunc
832 1702 1023 1774 debemus
1042 1703 1259 1796 dialogum.

360 1834 395 1906 2.
413 1835 524 1927 erao
539 1837 587 1908 de
602 1836 688 1930 ipso
703 1839 864 1908 auctore
880 1857 929 1908 ex
944 1835 1103 1930 dialogo
1119 1858 1257 1908 eruere
1273 1837 1489 1929 potuimus,
1506 1837 1556 1908 ad
1571 1859 1698 1930 pauca

252 1969 510 2040 reducuntur.
540 1967 604 2040 Ex
632 1991 678 2040 eo
707 1970 814 2063 quod
842 1971 890 2041 de
919 1945 1088 2064 legenda
1118 1967 1157 2042 S.
1179 1969 1227 2041 P.
1248 1969 1452 2041 Francisci
1487 1969 1696 2040 ‹afratre

252 2101 330 2172 ulio
354 2101 441 2195 jam
472 2101 706 2196 descripta»
740 2099 822 2199 (pg.
843 2098 886 2202 3)
914 2102 1106 2196 loquitur,
1126 2106 1302 2196 apparet,
1322 2102 1426 2196 quod
1451 2102 1576 2173 frater
1595 2099 1697 2171 Tho-

254 2255 341 2305 mas
363 2233 594 2307 Celanensis
613 2235 761 2307 librum
791 2239 972 2306 nostrum
1004 2235 1112 2306 baud
1140 2235 1308 2329 scripsit.
1338 2233 1403 2306 De
1431 2257 1503 2306 sua
1531 2255 1698 2328 persona

253 2367 351 2438 hacc
379 2367 458 2438 duo
487 2367 640 2460 prodit:
670 2389 791 2462 agens
811 2368 860 2439 do
880 2365 920 2440 S.
941 2365 1115 2440 Antonii
1136 2367 1258 2462 gestis
1278 2373 1317 2439 et
1340 2365 1545 2439 miraculis
1578 2365 1695 2438 dicit:
1714 2442 1738 2480 7

260 2518 278 2559 «
309 2489 415 2562 Novi
445 2492 574 2563 multa
600 2514 671 2585 per
698 2492 830 2564 visum
862 2486 986 2588 »(pg.
1007 2487 1062 2591 4),
1083 2492 1163 2563 alia
1190 2515 1284 2563 vero
1313 2492 1517 2564 occasione
1545 2492 1630 2586 agit
1648 2492 1697 2562 de

254 2623 459 2695 miraculis
478 2647 502 2694 a
523 2623 721 2696 'fratribus
749 2625 791 2695 in
820 2624 905 2696 vita
933 2623 1099 2718 patratis
1128 2629 1168 2696 et
1196 2624 1272 2694 ait:
1308 2621 1553 2695 «Mirabilia
1581 2645 1697 2718 quae·

253 2758 345 2828 dam
364 2757 488 2828 oculis
503 2757 776 2851 perspeximus
791 2757 978 2830 manibus
993 2743 1162 2851 propriis
1178 2760 1471 2830 contrectantes
1488 2783 1505 2825 >
1525 2751 1695 2857 (pgtb).

252 2890 421 2962 Librum
451 2891 493 2962 in
522 2879 649 2962 Italic
668 2913 752 2964 esse
780 2891 1049 2984 conscriptum
1080 2891 1273 2964 deducere
1292 2864 1386 2962 licet
1404 2913 1452 2962 ex
1472 2891 1697 2962 intentione

251 3025 426 3096 auctoris
454 3024 644 3096 narrandi
673 3045 720 3095 ca
752 3050 770 3093 r
800 3023 988 3114 maxime,
1019 3047 1122 3118 quae
1151 3024 1192 3095 in
1223 3024 1402 3118 partibus
1429 3023 1575 3096 Italiac
1613 3046 1697 3118 per-

250 3161 406 3252 petrata
434 3163 654 3230 noscuntur
684 3184 701 3226 »
734 3153 815 3256 (pg.
839 3154 918 3258 73).
949 3157 1012 3230 Ex
1041 3157 1198 3232 delectu
1227 3159 1399 3230 fratrum
1429 3163 1469 3231 et
1496 3158 1695 3230 factorum

251 3311 389 3363 eruere
417 3293 584 3364 fortasse
613 3313 833 3386 possumus,
863 3291 905 3362 in
926 3314 1099 3386 quanam
1132 3290 1277 3364 Italiae
1305 3295 1418 3385 parte
1447 3295 1586 3363 auctor
1604 3290 1696 3362 scri-

250 3425 394 3519 pserit3
423 3431 466 3498 at
493 3448 566 3498 nec
595 3426 669 3497 hoc
698 3428 786 3497 tuto
814 3425 1049 3496 concludere
1077 3425 1184 3514 licet,
1209 3425 1305 3518 quia
1331 3425 1513 3518 dialogus
1533 3424 1695 3496 nonnisi

250 3559 496 3651 lurcoruplctua
525 3559 566 3629 in
596 3559 728 3631 codice
758 3561 893 3630 nostro
922 3557 1059 3629 baberi
1089 3557 1260 3628 ridetur.

358 3690 438 3762 Illa
457 3691 599 3784 prima,
621 3713 739 3786 quam
757 3691 845 3784 Jam
866 3690 1076 3762 attulimus
1096 3712 1117 3760 e
1137 3689 1329 3782 Oatalogo
1349 3687 1432 3764 XV
1453 3687 1556 3761 Min.
1581 3711 1696 3784 gene-

250 3823 410 3912 ralium,
439 3823 585 3895 notitia
612 3823 730 3896 dicit:
766 3849 784 3892 «
816 3821 897 3894 Hic
926 3822 1056 3898 inulta
1075 3822 1181 3894 beati
1201 3821 1403 3894 Ilrancisci
1425 3822 1620 3893 miracula
1639 3844 1696 3893 re·

251 3955 356 4049 quiri
373 3961 412 4028 ct
432 3957 566 4050 colligi
585 3956 682 4028 fecit
701 3978 774 4027 nec
792 3977 874 4027 nou
894 3958 934 4026 et
953 3956 1001 4026 de
1020 3954 1114 4026 vitis
1133 3955 1305 4026 fratrum
1322 3955 1555 4048 opusculum
1574 3955 1695 4049 quod-

250 4089 342 4159 dam
372 4089 415 4159 in
445 4090 607 4160 modum
637 4088 787 4182 dialogi
815 4087 982 4176 editum,
1003 4111 1162 4181 quorum
1187 4088 1371 4182 qrrucdmu
1393 4087 1598 4174 habentur„
1613 4089 1695 4158 ullu

245 4243 318 4314 per
346 4223 534 4292 incuriam
556 4223 814 4314 pcricruat,·»
847 4221 945 4292 liaeo
966 4221 1087 4290 verba
1112 4221 1256 4291 ultima
1275 4243 1414 4314 parum
1437 4221 1626 4314 ambigua
1645 4219 1695 4290 ab

250 4357 411 4426 arrctore
427 4353 717 4426 Chronicorum
735 4353 886 4427 XXIV
901 4351 1004 4424 lllin.
1025 4353 1271 4446 generalium
1291 4353 1589 4448 aliquantulum
1610 4377 1696 4426 mu-

249 4492 335 4559 tata
355 4492 590 4581 repetuntur
618 4488 774 4560 dicento
808 4487 953 4581 «cairus
981 4487 1117 4580 aliqua
1144 4487 1354 4578 habentur,
1384 4488 1463 4560 alia
1491 4511 1561 4583 pcr
1588 4489 1698 4560 incu-

250 4621 351 4691 riam
371 4622 586 4715 perierunt.
611 4647 628 4684 >›
654 4619 765 4712 Quae
789 4621 910 4691 verba
928 4620 977 4690 de
998 4619 1134 4692 relatis
1162 4621 1205 4692 in
1234 4621 1368 4692 codice
1397 4625 1533 4694 nostro
1562 4623 1695 4695 valere

359 4929 368 4956 ²
386 4927 462 4982 Socii
480 4921 510 4982 S.
527 4928 679 4982 Francisri
696 4929 728 4982 tn
747 4929 873 4998 epistola
891 4929 929 4982 ad
949 4930 983 4983 lr.
1001 4929 1204 4984 Crescentium
1223 4931 1408 4984 transmissa.
1481 4933 1492 4946 ¹

356 5017 366 5046 ²
387 5017 530 5072 Chronica
548 5017 655 5086 fratris
673 5019 837 5074 Salimbenc
856 5019 1031 5074 Parmensis
1050 5020 1196 5090 (Parmae,
1212 5019 1303 5088 1857),
1324 5037 1373 5090 pg.
1395 5022 1438 5075 68,

1929 613 1946 642 1
