3902 5570
722 415 840 472 nus.
871 399 1066 476 araceum
1101 423 1137 472 1).
1601 381 1651 472 15

210 561 291 570 ι----
301 561 564 568 --ω--ι--μ

206 655 379 747 <pallidam
401 653 531 724 somni
550 651 744 724 beneficio
764 657 971 739 recrearet,
988 649 1037 720 ab
1057 649 1139 719 alte
1159 646 1369 716 interram
1392 639 1467 710 sibi
1489 637 1574 707 visa
1593 639 1653 708 est

206 779 412 850 corruisse.
435 777 723 870 Expergisccns
743 781 879 848 autem
901 775 1047 846 mulier
1067 773 1235 844 inventa
1254 773 1313 840 est
1332 766 1480 838 collum
1502 763 1652 834 habens

206 904 420 974 distortum
439 923 684 994 manumque
704 901 908 971 sinistram
929 921 1020 970 eum
1042 899 1140 991 pede
1160 895 1310 990 pariter
1329 893 1592 976 decurtatam,
1609 891 1654 960 ut

207 1049 397 1121 suspenso
426 1025 611 1096 caleaneo
639 1025 707 1095 vix
727 1025 877 1096 valeret
905 1028 1052 1096 terram
1083 1026 1246 1115 tangere
1275 1018 1444 1090 summis
1473 1016 1653 1087 articulis

206 1151 439 1245 digitorum.
471 1147 548 1220 sea
577 1172 669 1220 eum
699 1149 763 1220 dic
792 1149 963 1244 quodam
995 1169 1112 1241 super
1140 1145 1265 1218 saneti
1296 1143 1420 1236 patris
1449 1142 1650 1213 tumulum

207 1276 403 1347 collocata
439 1275 591 1366 fuisset²
627 1274 670 1367 (f.
694 1273 786 1367 18²⁴)
821 1278 952 1344 erecte
989 1295 1084 1343 mex
1118 1270 1220 1342 eollo
1259 1274 1378 1362 caput
1415 1268 1464 1338 ad
1503 1271 1652 1337 statum

210 1400 329 1472 rediit
357 1399 654 1483 condecentem,
697 1403 737 1469 et
773 1420 917 1468 manus
954 1419 999 1468 ac
1037 1396 1148 1490 pedis
1186 1394 1356 1465 sanitate
1393 1397 1551 1485 recepta
1585 1413 1654 1484 per

208 1525 390 1616 ejusdcm
421 1523 545 1617 patris
574 1523 719 1594 merita
747 1521 1181 1593 1111111111(1111111111111.1

425 1719 625 1812 (b'cqriilur
654 1719 853 1810 (liulopua;
874 1718 1005 1810 popli
1033 1715 1439 1810 111111111011111.’2011

317 1908 405 2012 (11)
434 1913 679 1984 Ailolcseens
708 1913 883 2006 quidam,
910 1913 1155 1982 Tridentium
1181 1911 1355 1997 rnunine,
1377 1933 1461 1982 osse
1481 1913 1653 2004 quedam

211 2039 253 2110 in
283 2039 398 2132 spina
426 2038 532 2108 dorsi
561 2037 648 2130 ejus
687 2045 935 2109 excrescente
969 2037 1145 2129 quinque
1179 2057 1374 2106 annerum
1412 2037 1539 2128 spatio
1572 2037 1655 2130 gib-

210 2165 330 2235 bosus
367 2163 555 2234 incedens
590 2184 733 2233 manus
766 2163 815 2232 ad
848 2183 979 2254 genua
1008 2161 1280 2253 protendendo
1314 2160 1445 2231 ferula
1482 2163 1653 2254 quadam

209 2291 468 2380 supportatus
497 2288 545 2357 ad
576 2287 830 2383 sepulchrum
862 2286 989 2358 saneti
1018 2285 1212 2378 peruenit.
1244 2284 1372 2375 Quem
1402 2308 1491 2356 erun
1528 2291 1656 2357 mater

211 2413 288 2484 tide
308 2413 427 2506 plena
447 2435 563 2505 super
583 2435 715 2483 arcam
737 2413 894 2483 fecisset
914 2412 963 2482 ad
983 2411 1184 2481 medicum
1211 2410 1370 2500 elevari,
1392 2411 1655 2482 descendente

212 2560 305 2609 mex
325 2538 444 2628 gibbo
469 2537 672 2609 deseendit
691 2540 856 2624 erectus,
878 2543 917 2606 et
937 2557 1026 2607 cum
1051 2539 1177 2606 matre
1197 2535 1360 2606 dimissa
1379 2536 1508 2606 ferula
1528 2536 1656 2607 laetus

210 2685 256 2732 ae
285 2663 454 2733 laudans
484 2663 533 2733 ad
564 2662 724 2754 propria
754 2661 984 2734 1·emcarit.²

318 2783 406 2886 (12)
435 2785 514 2858 Vn·
542 2787 719 2880 quidam,
750 2786 950 2860 l'crirlotus
979 2786 1153 2875 nomine,
1184 2810 1231 2856 cx
1261 2786 1496 2858 infirmitate
1531 2787 1656 2858 nimia

210 2917 497 3004 conquassatus
525 2911 662 2981 fractis
692 2912 854 2981 renibus
882 2900 1044 3004 gibbum
1076 2911 1200 2981 traxit
1227 2911 1295 2994 ita,
1317 2912 1422 3003 qumi
1450 2911 1578 3004 capite
1607 2913 1656 2983 ad

212 3045 359 3104 terram
393 3037 476 3104 t'ere
510 3036 674 3106 dimisso
712 3039 957 3106 sustentatus
994 3035 1221 3104 scamnellis
1250 3035 1397 3127 bajulis
1429 3036 1655 3106 incedebat.

213 3157 352 3228 Ductu
381 3159 515 3250 itaque
546 3159 684 3229 matris
713 3181 806 3228 suae
835 3159 960 3230 saneti
981 3158 1105 3252 patris
1134 3158 1298 3229 veniens
1326 3159 1375 3228 ad
1400 3159 1656 3252 sepulchrum

212 3284 343 3376 coepit
372 3283 480 3352 illico
501 3283 623 3354 tantis
642 3284 845 3354 doloribus
866 3283 1080 3377 perurgeri,
1102 3287 1147 3354 ut
1170 3283 1344 3354 resolute
1364 3285 1657 3376 clitellammodo

211 3431 374 3500 corpore
413 3413 497 3480 toto
531 3409 770 3499 uerreraliter
800 3409 1020 3480 exsudaret.
1052 3409 1277 3480 Recedeutc
1297 3413 1430 3480 stlitem
1457 3410 1658 3503 parilisper

211 3533 354 3603 sudore
374 3534 436 3602 vir
455 3533 584 3603 (lictus
605 3555 735 3602 cruam
757 3533 1010 3603 adstantibus
1030 3531 1168 3604 multis
1184 3555 1297 3604 renes
1317 3533 1507 3622 extendit,
1529 3539 1569 3604 et
1590 3557 1658 3627 per

212 3662 340 3732 saneti
369 3661 512 3732 inmite.
542 3661 685 3752 gibbus
714 3661 782 3731 ille
812 3685 905 3732 rriex
933 3662 1129 3755 disparuit
1158 3661 1477 3754 ecunplanatus.³

322 3782 484 3884 (13)(1·.
516 3785 599 3878 llll)
630 3786 680 3856 In
720 3787 883 3856 civitate
918 3785 1080 3858 Trivisii
1117 3787 1262 3858 mulier
1295 3787 1504 3880 quaedam,
1544 3788 1658 3860 11111-

212 3913 320 3982 tiouu
352 3911 528 3998 nmniue,
558 3912 713 3982 duobus
743 3911 876 4004 [sunnis
896 3911 951 4003 et]
973 3911 1146 4004 iirrrplius
1174 3911 1339 4002 gibbum
1365 3917 1595 4005 portaverat
1615 3915 1656 3984 in

213 4041 370 4130 pectine
391 4037 441 4107 ad
461 4037 588 4108 instar
608 4037 742 4128 panis3
773 4041 893 4128 caput
913 4040 1046 4107 autem
1069 4061 1183 4108 suum
1207 4037 1255 4108 ad
1271 4029 1403 4130 genua-
1422 4037 1656 4126 reclinabat,

211 4184 302 4231 cum
322 4162 553 4232 tracessitate
574 4161 709 4254 aliqua
729 4185 769 4232 se
790 4167 978 4232 nroreret.
996 4159 1178 4234 Veniens
1194 4162 1317 4252 igitur
1337 4163 1384 4232 ad
1406 4162 1512 4232 beati
1535 4165 1658 4256 patris

211 4285 413 4356 tinnulum
432 4286 559 4357 tribus
575 4286 714 4356 dielms
729 4285 904 4378 perstitit
924 4308 1041 4355 orans
1061 4309 1165 4370 eum,
1182 4290 1222 4356 ct
1237 4287 1472 4379 concupita-c
1493 4289 1656 4359 sanitati

213 4410 366 4481 reddita
396 4410 649 4502 complanato
679 4409 797 4498 gibbo
828 4415 867 4480 et
896 4409 1051 4480 elevato
1080 4411 1208 4504 capite
1237 4409 1325 4480 lleo
1354 4413 1394 4481 ct
1423 4411 1538 4482 beato
1568 4411 1658 4483 An-

213 4534 325 4603 tonio
353 4535 501 4622 gratias
531 4557 651 4626 agens
680 4535 904 4605 al›scessit.⁴

215 4702 447 4709 ——-.-......
607 4704 674 4710 ,-

322 4788 329 4813 ¹
350 4785 421 4852 Lep.
445 4789 479 4843 A,
501 4805 530 4840 n.
554 4789 596 4854 15»,
619 4788 695 4841 Bell.
717 4805 746 4842 n.
769 4789 812 4842 55.

320 4877 328 4902 ²
351 4875 422 4944 leg.
446 4877 479 4938 al,
501 4893 530 4928 n.
559 4878 596 4944 lo,
619 4877 694 4930 lloll.
716 4893 745 4930 n.
768 4879 811 4930 bd.

319 4971 328 4996 ³¹
349 4963 421 5032 Leg.
444 4965 478 5028 A,
502 4981 530 5018 11.
551 4966 595 5031 12,
616 4967 692 5020 Bell.
713 4982 743 5020 n.
765 4967 798 5020 bi
819 4972 828 5032 (
847 4968 871 5019 Α
893 4985 908 5018 «
923 4967 1069 5021 Gnidotus
1084 4985 1110 5034 ›>‚
1132 4965 1206 5019 lloll.
1230 4967 1415 5022 «Veridulus
1430 4974 1466 5032 u).

319 5055 327 5078 ⁴
349 5051 421 5120 11011.
445 5053 477 5116 Α,
500 5069 530 5106 11.
552 5055 595 5120 ll,
617 5055 692 5108 boll.
715 5071 744 5108 n.
767 5055 811 5108 bl.
