3880 5568
507 444 565 496 nn
594 445 766 498 unsrun
794 445 1019 500 anrraosro
1049 446 1336 501 massanensi.
1600 428 1649 500 53

311 672 475 744 Talibus
512 674 637 768 igitur
674 674 873 746 exercitiis
911 675 1137 748 servans
1171 675 1389 748 Ambrosio
1427 699 1497 769 per
1525 700 1651 748 rmnos

202 797 329 867 ferme
358 815 416 867 xv
445 798 495 868 ab
529 797 700 870 introita
737 798 889 870 ordinis
927 800 1148 890 insistente,
1183 823 1275 870 cum
1310 801 1395 893 jan]
1437 801 1651 894 placuisset

202 919 383 992 Domino
402 921 529 994 labori
559 923 647 1016 ejus
676 923 796 994 finem
828 925 934 1014 dare,
955 924 1237 996 imminentem
1259 925 1334 995 sibi
1355 925 1570 996 transitum
1600 926 1650 996 ab

204 1045 278 1116 lroo
317 1048 468 1118 mundo
501 1048 688 1138 dignatus
725 1052 784 1120 est
826 1049 967 1143 angelo
1005 1049 1221 1121 nuntiante
1259 1053 1494 1120 monstrare.
1535 1049 1651 1120 Oirca

204 1171 393 1244 ultimum
434 1195 608 1266 namque
645 1174 752 1245 ritae
791 1196 885 1246 suae
923 1175 999 1246 iter
1036 1195 1157 1267 agens
1194 1196 1284 1244 cmn
1324 1174 1448 1245 fratre
1477 1174 1647 1267 quodam

203 1295 340 1366 nostri¹
373 1297 535 1386 ordiniS,
561 1295 679 1368 Toblu
709 1298 886 1388 nornine,
907 1321 1044 1370 versus
1072 1298 1279 1370 ecclesiam
1310 1292 1572 1370 sancti'Petri
1602 1299 1650 1370 de

203 1417 393 1492 Meclrera
421 1425 657 1516 suggerente
685 1418 731 1520 (f.
750 1419 835 1522 ssqr)
864 1423 1102 1516 disponebat
1129 1422 1257 1502 eidem
1290 1421 1545 1494 revelationis
1574 1421 1650 1493 sibi

202 1543 332 1616 factae
352 1547 587 1638 mysterium
609 1549 783 1640 aperire3
805 1549 872 1620 sed
893 1547 1027 1618 labore
1047 1569 1204 1640 pressus
1223 1547 1380 1618 itineris
1399 1547 1462 1617 vel
1483 1547 1650 1617 fortasse

203 1671 260 1740 rei
304 1671 467 1741 exitum·
496 1672 777 1766 subsequentis
815 1672 979 1744 effectus
1016 1672 1257 1744 certitudine
1295 1671 1558 1765 praestolatus
1587 1673 1651 1742 de-

202 1793 353 1866 clarare
391 1800 487 1866 tunc
516 1796 685 1886 distulit,
715 1797 821 1890 quod
859 1804 994 1868 tamen
1026 1801 1173 1890 postea,
1203 1797 1435 1890 priusquam
1469 1795 1649 1867 debitum

202 1919 333 1990 carnis
363 1919 603 2009 exsolveret,
634 1920 847 1992 enarravit.
878 1920 1005 1993 Porro
1034 1920 1174 2014 pridie,
1200 1941 1319 2012 quam
1350 1919 1435 2012 pati
1455 1927 1649 2012 coeperat,

201 2066 226 2112 a
254 2045 411 2116 sacculo
441 2044 686 2138 migraturus
727 2045 918 2116 assidenti
946 2044 1022 2116 sibi
1051 2045 1168 2115 fratri
1197 2049 1420 2114 memorato
1462 2043 1651 2114 seoretius

202 2167 259 2238 ita
301 2168 429 2240 dixit:
473 2197 489 2234 «
523 2167 800 2241 Annuntiarit
828 2170 930 2240 mihi
967 2171 1153 2264 angelus,
1187 2171 1294 2263 quod
1322 2169 1428 2262 apud
1466 2175 1649 2240 sanctum

202 2291 369 2364 Petrum
415 2295 458 2364 in
500 2295 729 2366 obedientia
757 2295 851 2388 poni
880 2295 1059 2384 debeam,
1090 2295 1275 2388 quodque
1313 2315 1377 2364 me
1406 2293 1554 2365 ibidem
1585 2315 1652 2385 po-

202 2417 324 2490 situm
369 2419 458 2504 ista,
502 2442 580 2514 qna
610 2442 718 2490 nunc
755 2442 926 2514 promor,
965 2418 1180 2491 infirmitas
1208 2422 1432 2512 occuparet.
1463 2417 1652 2489 Ostendit

201 2544 377 2637 insuper,
408 2545 514 2636 qnod
543 2545 593 2616 ad
621 2545 754 2616 locum
786 2543 1057 2616 Urbisveteris
1099 2545 1307 2616 transferri
1346 2543 1514 2616 debeam
1543 2542 1651 2613 infir-

201 2672 347 2756 matus,
369 2669 436 2739 ubi
458 2669 677 2762 disponunt
704 2670 848 2740 fratres
877 2669 1003 2740 nostri
1033 2669 1239 2742 ecclesiam
1260 2669 1467 2739 fabricare.
1492 2667 1651 2738 Poenas

201 2815 360 2886 quoque
390 2793 608 2887 purgatorii
640 2792 838 2864 terribiles
871 2797 911 2864 et
949 2793 1167 2864 horrendas
1201 2791 1307 2863 idern
1345 2791 1446 2862 milri
1484 2791 1651 2885 angelus

201 2918 493 2990 demonstrarit
521 2919 736 3008 affirmans,
766 2917 873 3011 quod
901 2919 949 2988 de
978 2917 1229 3006 infirmitate,
1259 2939 1379 3010 quam
1401 2916 1544 3010 patior,
1573 2916 1647 2986 sim

201 3064 224 3111 a
253 3042 410 3113 saeculo
439 3043 680 3114 transiturus
708 3043 756 3112 ad
779 3041 1000 3114 Olrristum.
1025 3067 1041 3108 s
1068 3041 1179 3132 Quae
1200 3041 1349 3130 omnia,
1370 3041 1474 3112 sieut
1494 3063 1517 3110 a
1536 3061 1651 3111 servo

202 3165 280 3238 Dei
310 3171 480 3238 ventura
509 3189 579 3259 per
616 3167 797 3237 ordinem
834 3169 930 3238 sunt
966 3167 1181 3260 praedicta,
1211 3166 1267 3238 sio
1297 3165 1491 3236 nimirum
1520 3165 1651 3258 operis

200 3292 457 3364 attestatione
500 3291 702 3385 sequentis
740 3291 899 3362 oculata
941 3291 1017 3362 fide
1060 3291 1336 3385 cognoscimus
1378 3289 1648 3383 adimplenda.

200 3415 285 3488 Neo
312 3413 359 3514 (f.
378 3411 462 3514 69⁹)
490 3421 587 3508 puto
624 3413 786 3486 silentio
824 3416 1127 3504 transeundum,
1157 3415 1263 3508 quod
1291 3415 1355 3487 die
1384 3413 1541 3502 ultimo,
1571 3435 1651 3506 quo

201 3542 403 3636 migrarit,
424 3541 530 3611 circa
550 3541 690 3612 boram
709 3539 994 3611 matutinalem
1015 3540 1132 3611 vultu
1152 3539 1399 3611 exhilaratus
1419 3538 1649 3610 mirandum

200 3667 355 3760 aliquid
383 3687 423 3736 se
453 3664 599 3735 vidisse
628 3664 815 3758 signavit.
833 3664 961 3755 Quem
983 3687 1075 3735 cum
1094 3664 1220 3736 frater
1240 3686 1343 3736 unus
1361 3662 1649 3750 assistentium,

201 3791 234 3862 si
271 3794 454 3861 sanctum
485 3787 747 3859 Franciscum
787 3787 961 3876 viderat,
992 3788 1242 3882 requisisset,
1272 3787 1497 3881 respondit:
1533 3785 1650 3858 ‹Ne-

201 3937 416 4008 quaquam.
451 3939 468 3978 »
520 3911 800 4005 Interrogatus
834 3917 992 4000 autem,
1026 3913 1059 3983 si
1099 3911 1138 3984 S.
1177 3911 1343 4004 angelus
1379 3911 1648 4004 apparuisset,
1719 4003 1725 4012 ·

200 4037 410 4131 quaerenti
454 4035 643 4106 ulterius:
688 4034 874 4108 «Nrrnr
920 4035 1137 4128 respondit.
1167 4034 1343 4106 Mortem
1377 4040 1512 4106 tamen
1551 4035 1650 4106 civis

199 4162 409 4256 cujusdam
441 4159 527 4230 noti
556 4159 618 4230 sui
647 4159 951 4252 praenuntiavit
988 4182 1036 4230 ex
1073 4159 1238 4231 nomine
1267 4159 1342 4230 sibi
1370 4159 1564 4231 diuinitus
1592 4183 1650 4232 re-

201 4287 374 4358 velatam
404 4285 554 4374 dicens,
584 4285 690 4377 quod
720 4281 966 4356 Guillelmus
1007 4284 1181 4372 obiisset,
1211 4288 1251 4355 et
1279 4284 1385 4378 quod
1414 4283 1497 4377 ipse
1526 4284 1651 4356 frater

201 4410 443 4483 Ambrosius
470 4410 577 4480 inter
606 4430 752 4479 nonam
784 4413 825 4479 et
853 4429 1061 4500 vesperum
1092 4413 1300 4479 secuturus
1328 4413 1429 4480 esset
1449 4409 1649 4496 eumdem,

91 4547 94 4554 '
200 4533 478 4604 assistentibus
497 4531 721 4619 intimarit3
751 4531 856 4624 quod
876 4535 916 4601 et
934 4531 1085 4601 factum
1109 4535 1180 4601 est.
1213 4530 1330 4602 Unde
1345 4531 1474 4624 liquet
1489 4552 1648 4602 serrum

200 4655 280 4726 Dei
309 4655 447 4750 magni
476 4655 609 4726 locum
640 4653 775 4726 meriti
795 4654 901 4747 apud
924 4649 1181 4724 Altissimum
1211 4654 1397 4742 tenuisse,
1418 4676 1536 4748 quem
1567 4676 1649 4724 nou

200 4779 329 4852 solum
359 4779 594 4873 prophetiae
623 4779 780 4873 spiritu,
811 4801 952 4849 verum
992 4777 1113 4849 etiam
1143 4777 1362 4848 virtutibus
1390 4783 1430 4849 et
1457 4777 1651 4872 prodigiis

200 4903 454 4975 evidentibus
482 4903 671 4998 dignatus
700 4906 759 4974 est
787 4903 993 4996 insignire,
1024 4901 1135 4994 Quae
1165 4901 1358 4972 nimirunr
1383 4901 1544 4972 divinae
1573 4901 1651 4972 rir·
1747 4937 1750 4944 ·

199 5027 299 5098 tutis
346 5047 465 5120 opera
511 5025 553 5096 in
601 5025 782 5119 partibus
831 5025 1102 5098 Urbisveteris
1149 5025 1355 5120 potissime
1402 5027 1649 5117 perpetrata,
