3902 5570
763 394 818 444 on
849 393 880 446 s.
911 391 1104 444 ,larome
1135 392 1172 443 r.
1637 371 1685 443 23

245 622 403 692 minum
423 625 463 693 et
481 645 505 692 a
524 623 738 712 sacerdote,
768 623 837 716 qni
866 623 1071 711 intererat,
1101 621 1351 694 absolutione
1381 625 1687 715 susceptarum

245 747 486 817 elamoribus
524 768 569 816 ae
598 746 775 818 lacrimis
812 747 1014 818 ululantes
1042 745 1131 818 Deo
1161 749 1201 817 et
1230 745 1277 817 B.
1308 744 1494 816 Antonio
1528 768 1568 818 se
1601 768 1689 838 sup-

245 869 401 962 pliciter
429 870 688 941 devoverunt.
710 867 855 942 Statim
885 874 1019 942 autem
1048 871 1156 942 t‘aeto
1185 880 1278 941 voto
1307 871 1412 941 eirea
1435 891 1579 940 navem
1601 892 1687 962 pro-

245 995 344 1065 cella
372 994 547 1086 quievit3
591 995 918 1066 incumbentibus
959 999 1093 1066 tamen
1133 993 1320 1083 tenebris,
1350 993 1419 1065 ubi
1448 994 1593 1073 forent,
1623 993 1688 1062 rol

244 1141 324 1212 qno
344 1120 387 1210 (Γ.
409 1116 494 1208 32’”)
525 1119 747 1204 tenderent,
770 1141 887 1190 nemo
907 1120 1175 1213 praesentium
1199 1118 1450 1210 recognovit3
1472 1123 1511 1188 et
1530 1139 1619 1188 ecce
1639 1117 1687 1186 de

245 1243 338 1313 navi
367 1243 436 1313 lux
465 1265 620 1336 egressa
640 1244 896 1336 resplenduit,
917 1267 1017 1336 quae
1042 1244 1276 1334 navigantes
1301 1247 1342 1314 et
1368 1241 1687 1312 collaerinrantes

246 1389 338 1460 prae
366 1366 521 1440 laetitia
550 1368 809 1461 praecedebat
837 1373 877 1439 et
895 1368 1052 1438 eosdem
1087 1368 1135 1438 ad
1166 1367 1296 1439 locum
1320 1367 1359 1440 S.
1381 1365 1507 1438 Marci
1531 1364 1685 1458 parsuli

239 1493 360 1584 juxta
387 1491 584 1584 Venetias
612 1491 741 1563 salvos
769 1492 895 1563 duxit.
927 1491 1015 1583 Quo
1044 1513 1135 1562 cum
1170 1493 1292 1585 patris
1330 1489 1570 1562 sanctissimi
1607 1511 1687 1559 me-

245 1617 333 1688 ritis
361 1617 409 1687 de
438 1639 561 1687 manu
590 1617 730 1687 mortis
759 1617 862 1689 eruti
891 1617 1174 1710 pervenissent,
1196 1639 1287 1686 mox
1308 1614 1611 1709 praeambulum
1636 1613 1686 1684 ab

244 1762 380 1811 eorum
412 1739 536 1810 oculis
565 1740 702 1822 lumen
732 1741 927 1834 disparuit
955 1741 1054 1812 etin
1077 1743 1165 1811 tute
1194 1739 1333 1834 positis
1361 1739 1550 1810 ducatum
1581 1736 1685 1808 ultra

245 1865 454 1936 subtraxit.
472 1867 478 1900 ¹

458 2111 656 2206 (Sequitur
684 2113 883 2204 malopem
908 2114 1034 2204 perpit
1065 2120 1248 2182 rurrruter
1266 2109 1343 2207 fol.
1374 2115 1470 2200 5337:

353 2359 411 2431 De
428 2360 582 2430 prebere
596 2361 636 2430 in
652 2383 793 2454 ‹rqronn
804 2361 974 2455 projecte
990 2369 1024 2432 el
1039 2362 1204 2432 relenta.
1221 2354 1308 2458 (lo)
1324 2357 1411 2430 Mel
1418 2359 1473 2430 ier
1488 2357 1684 2452 quaedam

243 2487 291 2557 de
311 2483 443 2556 illonte
474 2483 588 2558 aaziae
611 2485 856 2556 iterfaciens
875 2507 1011 2557 versus
1031 2485 1214 2556 Paduam
1240 2507 1329 2556 cnm
1348 2485 1446 2554 vvire
1475 2507 1545 2554 suo
1566 2483 1686 2554 conri-

244 2610 423 2682 tantibus
451 2631 539 2680 eam
570 2609 805 2682 mulieribus
825 2610 914 2682 aliis
935 2614 1261 2704 praeconceptam
1283 2610 1430 2681 mentis
1454 2633 1547 2680 snae
1576 2608 1686 2680 laeti-

244 2735 342 2806 tiam
373 2733 503 2805 verbis
524 2736 563 2804 et
582 2733 726 2806 risibus
746 2735 1001 2822 ostendebat;
1023 2735 1192 2806 maritus
1211 2735 1319 2806 eninr
1340 2736 1427 2826 ejus
1446 2756 1574 2827 nuper
1593 2739 1686 2804 ante

244 2859 491 2953 premiserat,
513 2857 618 2951 quod
639 2859 688 2928 ad
709 2855 749 2931 S.
768 2857 912 2930 Jaeobi
932 2858 1133 2929 visitanda
1153 2881 1284 2930 seenm
1307 2858 1449 2929 limina
1470 2857 1594 2951 ipsam
1617 2858 1687 2927 dn-

243 2986 360 3074 eeret,
381 2987 427 3055 ut
445 2985 617 3076 petebat.
640 2983 794 3056 Volens
814 2983 937 3078 igitur
956 2983 1018 3053 vir
1037 2983 1262 3076 praedictus
1275 2983 1572 3076 jucunditatem
1600 2982 1686 3074 ejus

243 3113 283 3178 et
307 3107 430 3178 risum
452 3107 602 3202 pariter
630 3113 851 3201 temperare
880 3108 1043 3179 mulieri
1066 3107 1187 3179 dixit:
1223 3106 1369 3200 «Quid
1398 3111 1459 3179 tot
1488 3107 1618 3178 verbis
1647 3111 1686 3177 et

243 3231 387 3302 risibus
403 3219 507 3302 laeta
521 3232 668 3302 diffluis
683 3253 728 3302 ae
744 3254 811 3326 spe
826 3255 930 3303 rana
945 3234 1110 3327 decepta
1124 3237 1237 3326 gestu
1253 3231 1417 3304 solveris
1432 3229 1685 3325 importuno?

244 3353 354 3427 Seius
373 3377 438 3425 me
458 3355 624 3427 omnino
645 3361 819 3428 mutasse
838 3359 1085 3451 propesitum
1108 3362 1147 3428 et
1167 3379 1418 3451 nequaqnam
1440 3379 1518 3450 quo
1539 3361 1582 3428 tn
1599 3379 1686 3449 pro-

244 3501 356 3572 peras
376 3481 663 3572 profecturum.
683 3509 699 3546 »
722 3481 903 3576 Cumque
924 3481 1093 3552 maritus
1109 3481 1239 3552 verbis
1254 3461 1341 3552 eam
1359 3482 1555 3572 ejusmodi
1571 3481 1685 3552 valde

242 3625 478 3698 exasperans
498 3605 746 3698 perstitisset,
777 3611 865 3698 post
885 3606 1004 3699 longa
1023 3607 1184 3676 tandem
1206 3606 1367 3677 silentia
1394 3613 1549 3678 mutato
1570 3606 1685 3676 rnltu

242 3728 388 3800 mulier
407 3729 546 3800 intulit
562 3729 814 3823 objurganti:
837 3756 853 3796 ε(
875 3729 964 3801 Nisi
979 3729 1219 3823 promissum
1239 3728 1685 3824 milri'peregrinationis

242 3875 517 3950 munusepere
528 3855 859 3948 compensavere,
872 3855 1030 3926 noveris
1045 3877 1110 3926 nre
1127 3855 1343 3926 innomine
1358 3855 1458 3927 ‚lesu
1474 3855 1623 3927 Christi
1640 3879 1684 3926 ae

243 3975 291 4047 B.
307 3977 480 4049 Antonii
502 3979 615 4072 aquis
636 3978 741 4066 istis,
763 4001 864 4072 quae
885 3979 1192 4072 praeterfluunt,
1214 3981 1557 4074 submergendam.
1582 4007 1598 4041 »
1625 3980 1685 4052 At

242 4101 309 4171 ille
329 4123 580 4195 nequaquam
598 4101 717 4173 fidem
733 4103 926 4174 adhibens
941 4105 1072 4176 verbis
1092 4106 1128 4198 ej
1136 4129 1180 4176 us
1200 4106 1297 4199 quin
1327 4106 1459 4198 potius
1477 4104 1686 4176 'offirmata

241 4225 343 4295 faeie
363 4224 526 4296 stultam
548 4248 705 4315 recens,
728 4227 963 4320 promissum
995 4228 1147 4299 solvere
1176 4230 1422 4301 constantius
1451 4231 1683 4324 denegabat.

243 4349 286 4442 (t'.
309 4346 394 4442 33²²)
416 4347 584 4422 Sublata
603 4373 696 4444 ergo
720 4349 867 4422 fiducia
886 4374 931 4422 ae
951 4373 1019 4444 spe
1038 4352 1149 4422 omni
1169 4353 1359 4425 frustrata
1379 4354 1520 4426 int'elix
1541 4359 1686 4430 mulier

242 4494 386 4545 manus
405 4473 448 4545 in
477 4497 517 4546 se
546 4475 744 4546 convertit
772 4480 812 4546 et
831 4474 880 4544 B.
902 4473 1074 4546 Antonii
1112 4477 1273 4548 nornine
1306 4478 1492 4551 invocato
1517 4505 1557 4552 se
1578 4505 1685 4575 prae-

242 4597 405 4690 eipitem
434 4599 548 4692 aquis
584 4599 707 4670 dedit.
739 4598 937 4673 Videntes
974 4605 1110 4671 autern
1151 4599 1349 4690 mulieres,
1384 4627 1485 4697 quae
1506 4607 1683 4690 aderant,

241 4721 383 4793 mediis
420 4721 608 4794 fluetibus
628 4723 893 4812 volutantem,
914 4727 1160 4818 stupefactae
1181 4726 1303 4798 nimis
1322 4750 1440 4800 eursu
1460 4731 1598 4823 rapido
1618 4732 1686 4802 ad-

348 4997 449 5068 1Leg.
470 5000 506 5065 A,
527 5018 556 5054 n.
577 5001 621 5068 bt),
642 5001 718 5056 Bell.
742 5019 771 5056 n.
794 5003 837 5056 70.
