3880 5568
676 431 733 484 ul}
764 431 1010 497 visrosrmrs
1039 433 1264 490 usurarii.

250 661 357 733 sibili
385 663 470 733 fore
499 683 722 756 cognoscas,
743 663 930 756 quiddam
953 664 1093 752 refero,
1129 665 1235 757 quod
1249 664 1366 735 beato
1381 661 1595 735 Francisco
1615 686 1695 736 me-

249 787 386 857 diante
407 787 528 857 militi
549 787 707 858 cuidam
729 787 909 880 contigit,
928 791 971 858 ut
989 788 1137 860 audivi.

356 911 408 982 Iu
420 919 733 1004 castronamque
750 911 1006 1004 Campaniae,
1022 914 1127 1005 quod
1138 912 1388 990 Zanchatum
1406 913 1566 1001 dicitur,
1579 913 1694 984 miles

249 1035 428 1129 quidam,
454 1033 645 1108 &irardus
664 1033 840 1124 nornine,
858 1035 902 1128 (f.
921 1034 1030 1123 illlis)
1043 1059 1111 1128 per
1127 1059 1282 1134 meuses
1297 1043 1469 1130 quatuor
1483 1039 1691 1108 oculorum

250 1161 385 1232 extitit
405 1159 535 1230 officio
550 1159 709 1252 penitus
720 1159 946 1232 destitutus.
965 1158 1126 1231 Accidit
1145 1165 1294 1248 autem,
1314 1163 1356 1232 ut
1370 1161 1450 1231 duo
1467 1161 1608 1232 fratres
1624 1181 1694 1253 per

250 1289 424 1355 castrum
454 1283 556 1355 illud
588 1285 802 1356 transitum
832 1283 1024 1355 facientes
1043 1285 1093 1354 ad
1113 1285 1277 1356 domum
1308 1284 1451 1354 militis
1474 1283 1691 1377 supradicti

250 1410 495 1480 diverterent
510 1413 550 1478 ct
565 1409 614 1478 ab
630 1408 718 1500 ejus
737 1407 896 1478 familia
917 1407 1085 1479 multam
1110 1409 1415 1502 lrospitalitatis¹
1438 1409 1609 1503 gratiam
1633 1411 1692 1480 in-

251 1533 447 1604 venircut.
461 1531 707 1603 Recedentes
723 1555 816 1602 vero
831 1533 975 1603 tratres
990 1555 1013 1603 a
1027 1533 1146 1604 domo
1161 1533 1313 1624 eiusad
1328 1533 1459 1604 locum
1473 1535 1689 1628 quemdam

249 1659 418 1729 fratrum
447 1677 472 1726 v
487 1657 711 1726 miliaribus
735 1657 829 1727 iude
844 1657 1060 1727 distantem
1077 1657 1214 1729 eadem
1235 1657 1299 1728 die
1328 1659 1537 1729 venerunt.
1560 1657 1688 1730 Nocte

249 1782 373 1876 igitur
401 1782 635 1874 insequente
665 1781 804 1851 beatus
838 1780 1073 1852 Franciscns
1107 1781 1176 1851 uui
1212 1803 1350 1852 corum
1391 1803 1460 1874 por
1493 1782 1690 1852 visionem

248 1905 434 1998 apparuit
461 1904 595 1975 dicens
625 1903 705 1974 illi:
746 1931 763 1970 a
795 1901 933 1998 Surge,
963 1903 1099 1990 frater,
1129 1911 1168 1976 et
1198 1911 1395 1976 revertere
1435 1905 1485 1976 ad
1524 1902 1688 1976 domum

250 2027 407 2118 militis,
437 2028 479 2098 in
514 2051 592 2120 qua
630 2027 915 2120 hospitalitatis
953 2029 1122 2120 gratiam
1157 2029 1356 2122 accepisti,
1395 2028 1581 2122 dicasque
1615 2029 1690 2116 illi,

248 2155 353 2248 quod
382 2175 454 2246 pro
483 2152 654 2246 peccatis
682 2153 775 2240 suis,
796 2173 897 2245 quae
926 2150 1107 2222 confiteri
1136 2153 1324 2246 neglexit,
1345 2173 1515 2246 poenam
1537 2153 1691 2246 patitur

249 2277 463 2364 caecitatis,
502 2276 685 2370 quodque
723 2276 898 2346 deterius
935 2280 1006 2362 cst,
1036 2277 1187 2346 aeterni
1226 2276 1425 2348 cruciatus
1463 2283 1692 2348 courrnanct

248 2425 339 2472 euru
370 2423 509 2494 poena,
539 2401 617 2472 nisi
646 2385 932 2492 poenitentiarii
965 2401 1090 2490 egerit
1113 2402 1161 2471 de
1182 2401 1456 2472 commissis.»
1492 2400 1691 2494 Exporge-

248 2527 378 2596 factus
406 2529 539 2596 autom
571 2525 695 2595 frater
723 2533 762 2594 ct
790 2529 975 2594 enarrata
994 2525 1099 2595 socio
1119 2547 1189 2617 per
1208 2525 1386 2596 ordinem
1411 2525 1563 2596 risione
1583 2528 1690 2596 facto

248 2672 367 2720 nume
396 2651 480 2720 sino
510 2669 645 2718 murac
673 2647 880 2740 dispendio
909 2671 997 2718 cum
1029 2649 1165 2719 eodem
1197 2650 1246 2719 ad
1275 2649 1440 2718 domum
1462 2649 1603 2718 militis
1631 2655 1688 2720 cst

250 2794 444 2858 rormsus3
474 2794 645 2864 euinque
674 2771 851 2842 adventu
870 2793 1008 2842 eorum
1028 2772 1188 2865 cognito
1212 2771 1341 2843 dictus
1371 2772 1485 2842 milcs
1505 2773 1552 2841 de
1573 2795 1691 2843 causa

248 2897 404 2967 itineris
434 2896 671 2989 requisisset,
701 2896 836 2982 frater,
867 2897 930 2966 cui
960 2899 1119 2966 sanctus
1148 2895 1345 2988 apparuit,
1380 2895 1435 2966 sic
1465 2897 1688 2988 respondit:

254 3050 271 3086 a
304 3019 536 3091 Nescientes
565 3019 724 3112 quidem
754 3020 905 3090 t'actum
937 3041 1064 3112 nuper
1096 3019 1357 3090 transivimus
1390 3019 1522 3090 locum
1555 3020 1688 3106 istum,

166 3181 169 3185 ’
247 3146 314 3216 sed
335 3146 473 3216 beatus
488 3143 724 3216 Franciscus
741 3149 854 3214 noete
871 3144 1085 3235 praeterita
1099 3141 1199 3213 milri
1216 3143 1441 3235 comparuit
1456 3149 1494 3214 et
1513 3139 1690 3240 (t'.137¹')

246 3289 405 3339 causam
445 3291 607 3360 poenae,
646 3273 806 3362 propter
848 3290 966 3360 quam
1007 3267 1237 3338 caecitatem
1276 3267 1435 3360 pateris,
1473 3267 1688 3350 revelarit;

247 3394 345 3464 talia
373 3393 479 3464 onim
511 3393 675 3464 attalia
705 3395 866 3484 peccata
894 3392 1141 3480 cormuisisti‚
1172 3414 1272 3485 quae
1301 3413 1371 3484 per
1400 3392 1687 3484 negligentiam

246 3517 439 3588 distulisti
471 3517 664 3587 hactenus
697 3515 932 3589 confiteri.»
967 3515 1122 3606 Quibus
1160 3517 1309 3587 auditis
1338 3515 1529 3586 confundi
1559 3515 1692 3610 coepit

247 3664 326 3712 non
349 3641 603 3712 urediocriter
618 3653 657 3712 ct
672 3640 900 3734 cornpungi,
921 3640 1097 3734 flensque
1119 3641 1285 3735 largiter
1304 3663 1435 3712 coram
1458 3642 1582 3711 fratrc
1602 3663 1692 3734 pcc-

247 3773 335 3837 outa
349 3789 421 3837 suu
442 3765 650 3837 humiliter
670 3773 728 3836 cst
747 3765 961 3836 confessus.
981 3764 1239 3836 Oorrt'essiono
1255 3769 1391 3835 autem
1409 3765 1516 3835 facta
1532 3787 1688 3836 necnon

247 3897 286 3962 ct
315 3891 586 3961 satisfactione
616 3896 773 3981 recepta
801 3891 913 3959 rovit
940 3887 1041 3968 Deo,
1071 3889 1190 3980 quod,
1220 3889 1251 3958 si
1282 3910 1372 3958 eum
1404 3888 1529 3958 saneti
1567 3887 1691 3958 loan-

246 4017 338 4086 cisci
371 4015 526 4086 meritis
554 4015 724 4085 liberare
753 4013 991 4086 clementius
1027 4014 1273 4105 dignaretur,
1312 4011 1567 4105 sepulchrum
1600 4013 1688 4104 ejus

247 4162 337 4209 cum
369 4139 604 4210 muneribus
632 4143 673 4208 ot
700 4135 1006 4209 honoriticentia
1035 4137 1172 4207 debita
1201 4135 1394 4206 visitaret.
1425 4133 1536 4208 Votc
1565 4135 1690 4228 igitur

246 4263 302 4335 sic
340 4264 485 4334 omisso
523 4285 654 4333 coram
696 4262 888 4354 pluribus,
918 4261 987 4354 qui
1025 4261 1251 4349 adstabant,
1288 4259 1494 4330 cordurum
1536 4259 1688 4346 lumen,

246 4388 353 4480 quod
383 4409 452 4479 pur
481 4407 637 4456 urenses
667 4391 839 4478 quatuor
867 4383 1105 4477 perdiderat,
1126 4381 1234 4453 illico
1254 4405 1323 4475 per
1343 4381 1522 4473 ejusdcm
1545 4381 1690 4452 merita

246 4513 453 4604 reaccepit.
469 4511 479 4546 ²

351 4804 360 4830 ¹
380 4801 479 4856 Codex
500 4821 514 4850 <z
529 4799 705 4854 humilitatis
719 4817 744 4850 a.

350 4895 359 4921 ²
379 4889 439 4945 Suo
458 4891 526 4945 stilo
540 4889 616 4942 idem
632 4889 718 4942 refert
731 4889 766 4940 tr.
783 4887 914 4940 Taunus
935 4901 976 4940 on
997 4885 1126 4940 Curram)
1152 4885 1185 4937 in
1203 4885 1340 4936 Truclctu
1353 4883 1388 4936 dc
1401 4882 1563 4945 miraculis,
1578 4897 1608 4935 n.
1625 4881 1688 4948 111,

243 4983 330 5050 quus
349 4982 439 5035 verba
458 4995 561 5049 parum
582 4983 695 5030 mutata
714 4975 818 5044 repetit
837 4973 866 5028 S.
886 4976 1134 5041 llosm·us'rcrr.r,
1153 4974 1284 5042 [sponda
1298 4973 1394 5040 mcpor
1407 4970 1436 5024 S.
1453 4969 1613 5035 Francisci,
1636 4969 1689 5022 Mi-

246 5071 356 5138 racula,
378 5075 392 5132 §
413 5085 469 5137 ru,
491 5085 519 5122 n.
542 5067 567 5120 7.
