3880 5568
535 435 592 486 rm
622 433 793 486 nemun
823 434 1066 488 nannum-ro
1095 435 1347 488 uxamensi.
1611 415 1660 488 77

1179 563 1182 570 .

220 685 312 734 eum
333 667 569 748 vernantem
590 655 719 734 rosam
739 664 986 736 inmanibus
1005 663 1268 752 delerenterm
1290 687 1409 758 quam
1432 668 1523 736 cum
1544 687 1662 759 super

219 788 401 858 membra
429 788 637 880 paralitica
665 783 876 883 ungentis¹
908 811 1030 879 more,
1053 794 1097 860 ut
1117 789 1192 861 sibi
1223 789 1353 860 risum
1383 795 1454 878 est,
1484 790 1662 862 suaviter

219 912 472 1002 traduxisset,
502 913 758 986 illucescente
795 914 860 984 die
897 913 1070 984 sm·rexit
1092 913 1228 1002 ,bomo
1257 913 1448 986 solidatus
1477 937 1500 986 a
1533 917 1660 1016 stratu
1736 991 1746 1009 ,

219 1057 290 1108 suo
310 1018 598 1130 accurrensque
627 1059 718 1109 eum
748 1037 893 1130 gaudio
913 1038 962 1108 ad
983 1037 1238 1130 sepulchrum
1272 1037 1410 1109 fratris
1431 1038 1534 1132 [pro]
1563 1039 1662 1108 libe-

111 1191 116 1200 ·
218 1161 373 1232 ratione
402 1183 474 1232 sua
502 1184 672 1233 munera
700 1161 847 1233 obtulit
875 1165 989 1256 grata
1017 1161 1119 1233 Deo.

325 1280 387 1384 (4)
414 1285 565 1358 Mulier
594 1287 789 1380 quaedam
819 1287 868 1360 de
897 1289 1026 1358 castro
1059 1285 1175 1376 liupr,
1197 1280 1297 1358 'oum
1329 1288 1457 1358 multo
1482 1291 1661 1380 tempore

219 1411 426 1504 paralitica
454 1411 661 1498 extitisset,
691 1412 741 1482 ad
769 1411 1024 1504 sepulchrum
1054 1411 1132 1482 riri
1159 1409 1241 1482 Dei
1269 1433 1387 1505 super
1414 1415 1572 1482 asinum
1603 1419 1660 1482 est

216 1535 400 1622 ded'ueta3
421 1536 490 1606 ubi
510 1559 599 1607 cum
622 1537 805 1608 sanitatis
824 1536 992 1630 gratiam
1016 1518 1195 1629 tempore
1224 1537 1380 1607 modico
1410 1536 1655 1629 imploraret,

216 1659 258 1730 in
292 1660 517 1752 praesentia
553 1660 726 1732 fratrum
764 1664 804 1732 et
839 1660 1103 1732 saecularium
1142 1661 1251 1730 illieo
1286 1660 1533 1732 consolidata
1569 1683 1659 1731 eon-

217 1802 382 1874 surgens
401 1782 534 1854 locum
555 1783 726 1854 fratrum
747 1805 840 1876 prae
859 1781 1004 1877 gaudio
1025 1755 1218 1852 circuibat
1242 1782 1378 1853 laudes
1397 1781 1486 1853 Deo
1506 1782 1661 1853 debitas

201 1905 490 1998 persolvendo.

326 2029 385 2102 Dc
413 2031 669 2102 riccerrrooioco.
700 2027 746 2128 (f.
783 2026 895 2129 101²)
928 2025 989 2130 (5)
1018 2029 1123 2100 Item
1156 2030 1303 2102 mulier
1336 2032 1415 2102 alia
1449 2031 1662 2124 vexatione

216 2155 456 2226 daemonum
488 2156 699 2254 durissime
727 2155 896 2249 datigata
924 2155 1213 2245 deducentibus
1242 2157 1343 2227 caris
1372 2157 1459 2248 ejus
1488 2156 1659 2227 addicti

217 2279 352 2351 fratris
381 2281 583 2372 tumulum
615 2280 783 2382 religato
811 2279 1005 2374 pervenit.
1035 2278 1220 2374 Oumque
1240 2303 1372 2352 corato
1395 2281 1553 2382 tumulo
1573 2280 1660 2351 stri-

216 2403 379 2476 doribus
398 2405 536 2476 nimiis
564 2404 818 2492 exclamaret,
848 2405 971 2477 biuda
1000 2406 1087 2500 ejus
1113 2427 1140 2482 a
1168 2405 1298 2506 eapite
1328 2428 1421 2476 casu
1441 2405 1595 2492 eccidit,
1616 2405 1657 2474 iu

217 2551 296 2622 qua
325 2529 461 2600 scabro
481 2529 712 2602 teterrimus
731 2530 781 2600 ab
801 2531 1053 2602 adstantibus
1072 2535 1131 2603 est
1152 2531 1362 2616 inventus3
1392 2530 1478 2623 ipso
1493 2527 1660 2648 ‘quoque

217 2653 362 2724 mulier
395 2654 574 2725 recidens
603 2677 721 2749 super
758 2661 905 2726 terram
935 2677 1026 2725 eum
1057 2655 1192 2748 quiete
1230 2675 1377 2748 magna
1416 2654 1546 2747 coepit
1575 2676 1661 2726 sua·

212 2775 320 2846 riter
348 2777 586 2849 obdormire.
608 2777 818 2873 Evigilans
847 2781 980 2849 autem
1003 2777 1176 2871 denique
1196 2783 1285 2870 post
1305 2799 1484 2870 soporem
1508 2777 1659 2868 optime

166 2984 171 2994 ¹
216 2899 384 2972 liberata
413 2903 587 2990 recessit3
619 2903 724 2996 quod
753 2903 937 2973 videntes
962 2902 1209 2995 fr·at1·eS‚qui
1239 2903 1417 2989 aderant,
1443 2910 1659 2994 coeperunt

217 3022 353 3095 laudes
381 3023 561 3097 Domino
589 3026 743 3098 debitas
772 3049 1019 3119 personare..
1422 3117 1431 3136 .

323 3149 384 3220 Dc
412 3157 654 3242 oposlcmolc.
694 3146 755 3250 (o)
797 3151 849 3222 'ln
879 3151 1041 3222 civitate
1080 3151 1225 3223 Norm'i
1262 3149 1425 3220 domina
1462 3150 1657 3242 qtraedmn

216 3273 461 3384 apostemate
490 3299 535 3346 ao
563 3276 673 3347 febre
701 3277 851 3370 pariter
880 3277 1057 3347 cruciata
1091 3275 1337 3348 medicorum
1362 3275 1576 3368 juramine
1596 3275 1659 3346 de-

216 3407 372 3492 sperata
400 3405 471 3488 est,
502 3423 547 3470 ee
576 3401 682 3493 quod
711 3400 891 3494 sequenti
923 3400 987 3470 die
1017 3399 1224 3470 communi
1247 3399 1404 3492 judicio
1433 3399 1661 3478 crederetur

114 3586 119 3596 .
216 3523 266 3594 ab
295 3525 481 3594 omnibus
511 3525 717 3596 moritura.
748 3523 809 3596 At
836 3524 934 3618 ipsa,
951 3545 1112 3612 eumsc
1141 3524 1257 3595 tratri
1277 3521 1487 3594 Mattlmeo
1511 3523 1658 3616 suppli·

216 3649 316 3720 citer
334 3648 569 3736 devovisset,
590 3649 728 3722 eadem
750 3653 865 3720 nocte
885 3648 988 3720 vidit
1006 3649 1172 3719 fratrem
1193 3647 1236 3718 in
1257 3647 1407 3718 somnis
1427 3647 1654 3740 loquentem

216 3772 304 3862 sibi,
334 3772 403 3866 qui
432 3795 519 3843 eam
542 3773 667 3866 jussit
694 3795 812 3866 super
840 3773 973 3844 locum
1002 3771 1260 3866 apostematis
1292 3753 1500 3842 decubare.
1535 3755 1689 3840 Mane'

215 3900 349 3969 autem
380 3896 499 3986 facto,
529 3919 620 3968 cum
650 3897 775 3992 ipsius
812 3896 964 3968 exitum
1004 3919 1142 3968 omnes
1180 3895 1353 3988 proximi
1391 3897 1657 3987 expectarent,

215 4023 381 4093 inventa
410 4025 469 4093 est
496 4022 642 4093 mulier
671 4022 720 4092 ab
751 4025 919 4115 utroque
948 4021 1180 4115 gravamine
1210 4043 1279 4112 per
1308 4019 1487 4112 ejusdem
1515 4018 1657 4089 merita

215 4146 395 4218 totaliter
423 4145 604 4217 liberata.

286 4363 290 4372 1
323 4266 368 4368 (f.
390 4265 503 4367 101⁶)
521 4263 582 4367 (7)
600 4268 773 4342 Juvenis
792 4269 969 4363 quidam,
985 4270 1149 4340 nomine
1170 4267 1441 4351 dlnrcoordrrs,
1459 4289 1501 4337 os
1516 4267 1566 4338 ad
1581 4267 1658 4337 col-

217 4389 445 4487 lum'usque
474 4416 613 4486 gerens
643 4383 892 4464 monstruose
922 4397 1137 4464 retrorsum
1169 4391 1385 4486 supradicti
1414 4391 1550 4462 fratris
1578 4392 1658 4462 suf·
1753 4411 1756 4418 ⁴

214 4519 404 4614 fragium
432 4519 622 4628 invocans
664 4541 794 4590 coram
827 4519 915 4611 ejus
948 4517 1104 4590 tumulo
1133 4539 1173 4588 se
1201 4516 1437 4610 prostravit3
1468 4515 1533 4586 ubi
1565 4539 1656 4587 cum

99 4699 105 4714 .
212 4643 370 4714 modico
399 4642 589 4736 temporis
617 4643 746 4736 spatio
774 4643 1023 4736 perstitisset,
1044 4663 1087 4713 os
1107 4641 1195 4735 ejus
1218 4641 1327 4712 illico
1348 4641 1473 4734 ipsius
1502 4640 1658 4712 meritis

215 4768 265 4837 ad
294 4773 441 4838 statum
474 4767 591 4837 rediit
620 4768 915 4837 comlecentcm.
1228 4773 1234 4785 '

661 4945 818 4960 —,.a
849 4939 1026 4958 .-Α-..-Η
1153 4949 1158 4953 -
1194 4949 1226 4954 ..-
1286 4949 1317 4954 ..-

323 5067 330 5094 ¹
351 5062 449 5118 Codex
470 5065 614 5133 «ingenti
628 5083 653 5130 »ς
674 5064 737 5116 Prs.
760 5081 774 5113 «
789 5078 857 5117 eum
878 5079 942 5116 rosa
962 5067 1056 5116 toturn
1076 5063 1338 5129 contingentem».
