3902 5570
1052 339 1068 364 ,

660 413 716 464 nu
750 414 888 464 marro
922 411 1221 464 immurmuro.
1608 393 1661 462 45

216 637 366 710 invasit
395 659 487 707 eum
516 637 679 706 morbus
704 635 880 729 quidam,
901 635 969 728 qui
990 657 1015 706 a
1033 634 1200 706 medicis
1219 634 1367 706 dicitur
1399 635 1658 728 squinantia,¹

217 783 318 854 qnae
337 761 379 831 in
401 765 557 832 tantum
581 765 721 854 guttur
735 760 771 852 ej
779 782 823 830 ns
839 759 850 796 '³
876 759 1110 848 interclusit,
1128 759 1233 853 quod
1249 758 1389 830 diebus
1404 759 1582 852 quinque
1598 782 1663 830 ne-

215 907 415 979 quaquam
445 883 576 977 potuit
604 884 822 970 comedere,
851 883 986 955 bibere
1024 883 1088 954 vel
1116 883 1310 968 dorrnire3
1342 905 1435 954 nam
1465 883 1497 953 si
1528 883 1660 976 liquor

211 1009 362 1104 aliquis
392 1013 605 1102 poneretur
633 1031 702 1102 per
723 1007 956 1079 violentiam
980 1007 1021 1078 in
1041 1029 1084 1077 os
1104 1007 1202 1099 ajars,
1224 981 1472 1100 oesophago³
1504 1007 1664 1099 penitus

216 1134 397 1204 obserato
426 1154 496 1225 per
524 1155 639 1204 aures
668 1136 740 1204 aut
769 1153 886 1202 nares
916 1131 1147 1202 remittebat
1175 1130 1374 1200 eumdem.
1409 1130 1542 1224 Igitur
1571 1137 1663 1199 roto

217 1258 336 1346 tacto,
365 1257 484 1350 quod,
514 1256 544 1327 si
567 1277 660 1326 eum
682 1254 886 1326 Dominus
905 1255 1041 1326 fratris
1062 1253 1311 1324 Benevenuti
1333 1253 1487 1325 meritis
1506 1253 1663 1345 abjecta

218 1380 469 1473 aegritudine
497 1379 697 1466 liberaret,
719 1377 974 1472 sepulchrum
996 1377 1084 1470 ejus
1103 1399 1193 1448 oum
1215 1376 1449 1448 muneribus
1469 1375 1663 1458 risitaret,

219 1503 349 1596 cirepit
391 1503 498 1574 illico
540 1508 743 1596 apostema
785 1502 921 1574 taliter
950 1501 1141 1595 mitigari,
1184 1501 1366 1596 quodex
1395 1505 1492 1570 tunc
1529 1499 1661 1570 cibum

219 1628 389 1720 sumpsit
417 1622 464 1725 (f.
487 1623 571 1725 60²)
600 1631 640 1698 et
668 1628 732 1698 die
762 1649 870 1698 nono
899 1649 1058 1720 prorsus
1087 1626 1222 1697 extitit
1249 1625 1452 1696 liberatus.

327 1751 506 1822 Auditor.
525 1751 626 1824 Oum
646 1756 793 1840 tantae,
809 1753 913 1823 siout
927 1751 1079 1840 asseria,
1100 1749 1324 1822 sanctitatis
1344 1750 1522 1821 extiterit
1540 1749 1665 1820 frater

219 1875 305 1963 iste,
336 1877 471 1966 miror,
501 1899 623 1970 quare
652 1897 721 1969 per
749 1877 878 1970 ipsum
897 1874 1112 1963 Dominus
1142 1877 1238 1947 dum
1259 1875 1388 1966 adhuc
1409 1875 1572 1961 vireret,
1594 1875 1667 1945 mi-

220 2001 356 2072 racula
384 2001 497 2077 nulla
525 2001 589 2072 rel
620 2023 747 2094 pauca
773 2001 913 2071 fecisse
942 2000 1110 2072 dicatur.

327 2125 536 2201 ⁴l'arrntor.
567 2124 680 2197 Licet
703 2126 825 2218 juxta
851 2122 988 2197 Sancti
1010 2125 1248 2196 sententiam
1272 2125 1501 2218 responderi
1521 2131 1664 2218 posset,

220 2272 339 2322 causa
367 2250 516 2342 duplici
554 2251 639 2320 fore
673 2249 813 2320 utilius
847 2249 975 2344 magis
1009 2249 1219 2320 hominum
1256 2251 1472 2320 menmriae
1505 2249 1664 2321 laudem

219 2373 313 2445 dare
333 2395 453 2467 quam
485 2374 603 2462 ritae,
634 2375 794 2467 quando
823 2373 1010 2445 videlicet
1039 2395 1111 2444 noc
1131 2373 1362 2446 laudantem
1384 2362 1564 2446 adulatio
1585 2397 1666 2444 mo-

184 2484 187 2491 ’
221 2503 330 2584 reat,
360 2521 433 2569 neo
462 2497 669 2569 laudatum
700 2501 830 2570 tentet
859 2497 1017 2586 elatio,⁴
1051 2519 1172 2568 unam
1202 2505 1337 2570 tamen
1373 2499 1478 2570 inter
1516 2503 1666 2570 ceteras

221 2624 305 2694 fore
334 2622 505 2694 arbitror
534 2621 769 2715 specialem,
799 2623 904 2716 quod
933 2621 1169 2716 plerumque
1200 2623 1449 2716 frequentius
1488 2629 1575 2716 post
1603 2625 1666 2696 de-

221 2769 372 2818 cessum
404 2751 562 2818 sanctos
591 2747 712 2818 efficit
741 2765 947 2818 coruscare
975 2746 1182 2817 miraculis
1223 2770 1342 2840 quam
1387 2749 1581 2836 viventes,
1622 2755 1666 2818 ut

222 2871 415 2942 nimirum
446 2869 565 2942 tidem
595 2870 897 2942 resurrectionis
927 2877 967 2941 et
994 2870 1163 2964 gloriam
1196 2872 1399 2943 mentibus
1427 2875 1582 2943 astruat
1611 2873 1667 2941 in-

222 2995 443 3082 firmorum,
473 3017 564 3064 oum
594 2997 780 3064 contactu
810 3001 1038 3066 sanctorum
1060 2995 1254 3084 cinerum,
1276 3018 1374 3090 quos
1394 2995 1565 3068 carnalis
1585 2995 1668 3066 ani-

221 3142 311 3190 mus
340 3117 502 3188 inutiles
531 3117 699 3188 extimat
726 3123 767 3188 et
794 3123 1062 3211 consumptos,
1091 3119 1282 3189 sanitates
1305 3120 1448 3208 varias,
1470 3141 1667 3190 nonnum-

222 3265 343 3336 quam
373 3241 622 3338 veroritam
653 3241 773 3311 etiam
805 3241 1048 3335 corporalem
1080 3243 1392 3314 misericorditer
1420 3267 1465 3314 ac
1485 3245 1668 3337 potenter

223 3364 415 3458 impertit.
447 3361 512 3437 Sic
543 3385 687 3458 nempe
716 3365 864 3436 sanctis
892 3367 941 3437 ad
969 3368 1139 3460 patriam
1184 3373 1272 3460 post
1309 3367 1475 3438 exilium
1510 3368 1667 3462 propin-

223 3490 441 3584 quantibus
469 3481 671 3582 scriptura
696 3489 899 3583 promittit
917 3491 1073 3582 dicens:
1104 3517 1122 3557 «
1153 3491 1276 3582 Quasi
1307 3491 1551 3562 meridianus
1580 3514 1669 3562 con·

222 3613 518 3707 surgarmgor
547 3613 621 3684 tibi
650 3614 699 3684 ad
730 3635 949 3707 vesperam,
970 3621 1009 3686 et
1038 3637 1128 3686 cum
1155 3615 1259 3708 te(f.
1282 3615 1666 3708 61²·>consumptu1n

223 3739 438 3832 putaveris,
468 3739 573 3809 siout
601 3737 744 3808 lucifer
763 3738 902 3809 orieris
920 3743 961 3808 et
981 3739 1144 3811 habebis
1163 3738 1351 3810 fiduciam
1372 3739 1575 3832 proposita
1594 3739 1668 3810 tibi

223 3885 291 3956 spe
319 3867 359 3934 et
387 3863 435 3934 de
464 3864 569 3934 fossa
597 3885 757 3934 securus
785 3863 978 3950 dormies3
1000 3864 1220 3956 requiesces
1240 3871 1281 3936 et
1300 3887 1380 3934 non
1407 3865 1495 3949 erit,
1517 3865 1585 3958 qui
1607 3886 1669 3935 ex-

224 3989 383 4076 terreat,
404 3991 444 4058 et
462 3987 783 4080 deprecabuntur
803 3985 979 4082 [taciem]
1000 3991 1109 4058 tuam
1132 3988 1309 4081 plurimi.
1333 3988 1379 4054 »⁵
1407 3987 1521 4078 Quod
1552 3989 1669 4058 nimi-

225 4133 313 4182 rum
344 4133 464 4206 quam
485 4115 621 4204 aperto
640 4116 680 4183 et
699 4111 846 4205 absque
866 4111 1093 4206 aenigmate
1113 4113 1162 4184 de
1182 4121 1408 4185 sanctorum
1436 4112 1669 4206 pignoribus

219 4235 341 4328 juxta
367 4235 545 4307 litteram
574 4234 802 4328 impleatur,
827 4257 945 4306 nemo
965 4236 1033 4329 qui
1055 4237 1248 4308 catholice
1268 4237 1391 4308 sentit
1411 4237 1579 4330 ignorat,
1600 4237 1667 4308 sed

225 4365 265 4430 et
293 4359 399 4452 ipsos
419 4358 603 4430 inimicos
631 4358 725 4430 fidei
745 4358 986 4430 christianae
1006 4359 1075 4430 lux
1096 4361 1220 4431 ell'usa
1239 4360 1444 4455 signorum
1471 4382 1668 4430 nonnum-

333 4663 342 4694 ²
362 4659 541 4732 Squinantla
552 4687 589 4710 ε
601 4664 722 4733 angina.

335 4757 344 4782 ²
364 4750 464 4806 Codex
483 4754 643 4822 «gutturis
658 4771 682 4806 a.

333 4845 343 4872 ³
363 4839 462 4894 Codex
483 4843 663 4912 «ysophago
676 4861 701 4895 ».

334 4937 342 4962 ⁴
363 4931 392 4982 S.
416 4931 569 4983 lloaimus
593 4932 714 4984 Tauno.
731 4932 760 4983 in
776 4931 897 4984 homilia
918 4947 1055 5000 murm,
1071 4934 1107 4986 ol,
1125 4932 1243 5000 liliam-r,
1260 4933 1317 4987 Pl'.
1335 4933 1411 4996 Lat,
1428 4941 1447 4987 t.
1464 4934 1507 4999 bi,
1523 4949 1590 5001 pag.
1613 4935 1669 4986 lla.

333 5017 424 5072 lilim
447 5020 489 5086 ll,
512 5019 553 5072 ll.
1667 5027 1670 5032 ’
