<?xml version="1.0" encoding="UTF-8"?>
<!DOCTYPE html PUBLIC "-//W3C//DTD XHTML 1.0 Transitional//EN"
    "http://www.w3.org/TR/xhtml1/DTD/xhtml1-transitional.dtd">
<html xmlns="http://www.w3.org/1999/xhtml" xml:lang="en" lang="en">
 <head>
  <title>
</title>
<meta http-equiv="Content-Type" content="text/html;charset=utf-8" />
  <meta name='ocr-system' content='tesseract 3.04.00' />
  <meta name='ocr-capabilities' content='ocr_page ocr_carea ocr_par ocr_line ocrx_word'/>
</head>
<body>
  <div class='ocr_page' id='page_1' title='image "./dialogusdevitis00lemmgoog_0022.png"; bbox 0 0 3902 5570; ppageno 0'>
   <div class='ocr_carea' id='block_1_1' title="bbox 789 384 1651 440">
    <p class='ocr_par' dir='ltr' id='par_1_1' title="bbox 789 384 1651 440">
     <span class='ocr_line' id='line_1_1' title="bbox 789 384 1651 440; baseline -0.001 -2"><span class='ocrx_word' id='word_1_1' title='bbox 789 384 1100 440; x_wconf 79' lang='lat' dir='ltr'>INTRODUGTIO.</span> <span class='ocrx_word' id='word_1_2' title='bbox 1593 384 1651 438; x_wconf 69' lang='grc' dir='ltr'>ΧΥ</span> 
     </span>
    </p>
   </div>
   <div class='ocr_carea' id='block_1_2' title="bbox 160 591 1652 981">
    <p class='ocr_par' dir='ltr' id='par_1_2' title="bbox 160 591 1652 981">
     <span class='ocr_line' id='line_1_2' title="bbox 171 591 1648 715; baseline -0.001 -25"><span class='ocrx_word' id='word_1_3' title='bbox 171 591 432 715; x_wconf 47' lang='lat' dir='ltr'>‘pessumum</span> <span class='ocrx_word' id='word_1_4' title='bbox 462 619 537 690; x_wconf 89' lang='lat' dir='ltr'>hoc</span> <span class='ocrx_word' id='word_1_5' title='bbox 566 621 704 690; x_wconf 90' lang='lat' dir='ltr'>tamen</span> <span class='ocrx_word' id='word_1_6' title='bbox 736 618 823 689; x_wconf 90' lang='lat' dir='ltr'>loco</span> <span class='ocrx_word' id='word_1_7' title='bbox 853 617 960 690; x_wconf 89' lang='lat' dir='ltr'>haud</span> <span class='ocrx_word' id='word_1_8' title='bbox 992 617 1220 711; x_wconf 85' lang='lat' dir='ltr'>neglectum</span> <span class='ocrx_word' id='word_1_9' title='bbox 1249 616 1448 708; x_wconf 88' lang='lat' dir='ltr'>volumus,</span> <span class='ocrx_word' id='word_1_10' title='bbox 1473 617 1581 712; x_wconf 88' lang='lat' dir='ltr'>quod</span> <span class='ocrx_word' id='word_1_11' title='bbox 1608 617 1648 688; x_wconf 93' lang='lat' dir='ltr'>in</span> 
     </span>
     <span class='ocr_line' id='line_1_3' title="bbox 206 747 1652 847; baseline -0.002 -22"><span class='ocrx_word' id='word_1_12' title='bbox 206 753 388 847; x_wconf 82' lang='lat' dir='ltr'>catalogo</span> <span class='ocrx_word' id='word_1_13' title='bbox 430 751 696 825; x_wconf 88' lang='lat' dir='ltr'>bibliothecae</span> <span class='ocrx_word' id='word_1_14' title='bbox 738 749 967 845; x_wconf 89' lang='lat' dir='ltr'>pontificiae</span> <span class='ocrx_word' id='word_1_15' title='bbox 1000 747 1299 822; x_wconf 82' lang='lat' dir='ltr'>Avenionensis</span> <span class='ocrx_word' id='word_1_16' title='bbox 1327 747 1432 821; x_wconf 80' lang='lat'><strong>1375</strong></span> <span class='ocrx_word' id='word_1_17' title='bbox 1470 751 1652 822; x_wconf 79' lang='lat' dir='ltr'>confecto</span> 
     </span>
     <span class='ocr_line' id='line_1_4' title="bbox 160 883 1187 981; baseline -0.001 -26"><span class='ocrx_word' id='word_1_18' title='bbox 160 933 168 948; x_wconf 84' lang='lat'><strong>·</strong></span> <span class='ocrx_word' id='word_1_19' title='bbox 210 914 229 955; x_wconf 71' lang='lat' dir='ltr'>e</span> <span class='ocrx_word' id='word_1_20' title='bbox 251 887 439 979; x_wconf 75' lang='lat' dir='ltr'>dpolopus</span> <span class='ocrx_word' id='word_1_21' title='bbox 457 883 609 981; x_wconf 77' lang='lat' dir='ltr'>fratris</span> <span class='ocrx_word' id='word_1_22' title='bbox 636 885 830 958; x_wconf 84' lang='lat' dir='ltr'>Jolm-uuis</span> <span class='ocrx_word' id='word_1_23' title='bbox 852 911 869 952; x_wconf 78' lang='lat' dir='ltr'>u</span> <span class='ocrx_word' id='word_1_24' title='bbox 903 883 1187 956; x_wconf 68' lang='lat' dir='ltr'>memoratur-,¹</span> 
     </span>
    </p>
   </div>
   <div class='ocr_carea' id='block_1_3' title="bbox 466 1149 1403 1247">
    <p class='ocr_par' dir='ltr' id='par_1_3' title="bbox 466 1149 1403 1247">
     <span class='ocr_line' id='line_1_5' title="bbox 466 1149 1403 1247; baseline 0.001 -25"><span class='ocrx_word' id='word_1_25' title='bbox 466 1151 484 1247; x_wconf 70' lang='lat' dir='ltr'>t</span> <span class='ocrx_word' id='word_1_26' title='bbox 514 1149 550 1222; x_wconf 82' lang='lat'>2.</span> <span class='ocrx_word' id='word_1_27' title='bbox 580 1193 631 1206; x_wconf 95' lang='lat'><em>-</em></span> <span class='ocrx_word' id='word_1_28' title='bbox 662 1151 722 1225; x_wconf 89' lang='lat' dir='ltr'>De</span> <span class='ocrx_word' id='word_1_29' title='bbox 750 1151 923 1226; x_wconf 87' lang='lat' dir='ltr'>materia</span> <span class='ocrx_word' id='word_1_30' title='bbox 951 1157 991 1224; x_wconf 90' lang='lat' dir='ltr'>et</span> <span class='ocrx_word' id='word_1_31' title='bbox 1020 1149 1202 1224; x_wconf 88' lang='lat' dir='ltr'>fontibus</span> <span class='ocrx_word' id='word_1_32' title='bbox 1231 1149 1403 1242; x_wconf 86' lang='lat' dir='ltr'>Dialogi.</span> 
     </span>
    </p>
   </div>
   <div class='ocr_carea' id='block_1_4' title="bbox 201 1417 1653 3513">
    <p class='ocr_par' dir='ltr' id='par_1_4' title="bbox 201 1417 1653 2847">
     <span class='ocr_line' id='line_1_6' title="bbox 318 1417 1649 1514; baseline -0.002 -24"><span class='ocrx_word' id='word_1_33' title='bbox 318 1447 336 1490; x_wconf 82' lang='grc'><strong>«</strong></span> <span class='ocrx_word' id='word_1_34' title='bbox 366 1419 577 1492; x_wconf 80' lang='lat' dir='ltr'>Praesenti</span> <span class='ocrx_word' id='word_1_35' title='bbox 606 1419 795 1513; x_wconf 91' lang='lat' dir='ltr'>opusculo</span> <span class='ocrx_word' id='word_1_36' title='bbox 824 1419 1087 1514; x_wconf 83' lang='lat' dir='ltr'>compigcnda</span> <span class='ocrx_word' id='word_1_37' title='bbox 1120 1419 1274 1513; x_wconf 77' lang='lat' dir='ltr'>suscepi</span> <span class='ocrx_word' id='word_1_38' title='bbox 1317 1417 1421 1490; x_wconf 89' lang='lat' dir='ltr'>mira</span> <span class='ocrx_word' id='word_1_39' title='bbox 1453 1417 1649 1490; x_wconf 84' lang='lat' dir='ltr'>virtutum</span> 
     </span>
     <span class='ocr_line' id='line_1_7' title="bbox 206 1523 1652 1649; baseline -0.003 -22"><span class='ocrx_word' id='word_1_40' title='bbox 206 1576 337 1649; x_wconf 88' lang='lat' dir='ltr'>opera,</span> <span class='ocrx_word' id='word_1_41' title='bbox 367 1575 469 1648; x_wconf 86' lang='lat' dir='ltr'>quae</span> <span class='ocrx_word' id='word_1_42' title='bbox 497 1574 568 1647; x_wconf 90' lang='lat' dir='ltr'>per</span> <span class='ocrx_word' id='word_1_43' title='bbox 596 1556 753 1625; x_wconf 88' lang='lat' dir='ltr'>sanctos</span> <span class='ocrx_word' id='word_1_44' title='bbox 781 1553 973 1647; x_wconf 90' lang='lat' dir='ltr'>quosdam</span> <span class='ocrx_word' id='word_1_45' title='bbox 1004 1523 1156 1625; x_wconf 86' lang='lat' dir='ltr'>ordinis</span> <span class='ocrx_word' id='word_1_46' title='bbox 1184 1553 1312 1624; x_wconf 90' lang='lat' dir='ltr'>nostri</span> <span class='ocrx_word' id='word_1_47' title='bbox 1340 1553 1484 1624; x_wconf 86' lang='lat' dir='ltr'>fratres</span> <span class='ocrx_word' id='word_1_48' title='bbox 1525 1551 1568 1622; x_wconf 92' lang='lat' dir='ltr'>in</span> <span class='ocrx_word' id='word_1_49' title='bbox 1598 1551 1652 1622; x_wconf 92' lang='lat' dir='ltr'>di-</span> 
     </span>
     <span class='ocr_line' id='line_1_8' title="bbox 206 1683 1651 1781; baseline -0.002 -23"><span class='ocrx_word' id='word_1_50' title='bbox 206 1687 331 1758; x_wconf 82' lang='lat' dir='ltr'>vorsis</span> <span class='ocrx_word' id='word_1_51' title='bbox 358 1687 501 1758; x_wconf 90' lang='lat' dir='ltr'>mundi</span> <span class='ocrx_word' id='word_1_52' title='bbox 529 1685 711 1780; x_wconf 88' lang='lat' dir='ltr'>partibus</span> <span class='ocrx_word' id='word_1_53' title='bbox 738 1685 925 1758; x_wconf 90' lang='lat' dir='ltr'>exhibere</span> <span class='ocrx_word' id='word_1_54' title='bbox 954 1686 1119 1780; x_wconf 86' lang='lat' dir='ltr'>dignata</span> <span class='ocrx_word' id='word_1_55' title='bbox 1147 1689 1207 1758; x_wconf 91' lang='lat' dir='ltr'>est</span> <span class='ocrx_word' id='word_1_56' title='bbox 1234 1683 1529 1781; x_wconf 86' lang='lat' dir='ltr'>omnipotentia</span> <span class='ocrx_word' id='word_1_57' title='bbox 1550 1683 1651 1756; x_wconf 76' lang='lat' dir='ltr'>(lon-</span> 
     </span>
     <span class='ocr_line' id='line_1_9' title="bbox 206 1814 1652 1919; baseline -0.003 -27"><span class='ocrx_word' id='word_1_58' title='bbox 206 1820 348 1892; x_wconf 91' lang='lat' dir='ltr'>ditoris</span> <span class='ocrx_word' id='word_1_59' title='bbox 377 1845 395 1888; x_wconf 76' lang='lat' dir='ltr'>u</span> <span class='ocrx_word' id='word_1_60' title='bbox 427 1814 509 1917; x_wconf 84' lang='lat' dir='ltr'>(pg.</span> <span class='ocrx_word' id='word_1_61' title='bbox 531 1815 593 1919; x_wconf 91' lang='lat'>1);</span> <span class='ocrx_word' id='word_1_62' title='bbox 629 1845 647 1888; x_wconf 82' lang='lat'>‹</span> <span class='ocrx_word' id='word_1_63' title='bbox 676 1841 750 1892; x_wconf 90' lang='lat' dir='ltr'>neo</span> <span class='ocrx_word' id='word_1_64' title='bbox 778 1841 873 1891; x_wconf 87' lang='lat' dir='ltr'>eane</span> <span class='ocrx_word' id='word_1_65' title='bbox 902 1819 1072 1914; x_wconf 86' lang='lat' dir='ltr'>singule,</span> <span class='ocrx_word' id='word_1_66' title='bbox 1102 1820 1170 1892; x_wconf 93' lang='lat' dir='ltr'>sed</span> <span class='ocrx_word' id='word_1_67' title='bbox 1198 1841 1245 1890; x_wconf 89' lang='lat' dir='ltr'>ea</span> <span class='ocrx_word' id='word_1_68' title='bbox 1263 1819 1529 1913; x_wconf 91' lang='lat' dir='ltr'>potissimum,</span> <span class='ocrx_word' id='word_1_69' title='bbox 1550 1839 1652 1911; x_wconf 92' lang='lat' dir='ltr'>quae</span> 
     </span>
     <span class='ocr_line' id='line_1_10' title="bbox 206 1933 1653 2047; baseline -0.002 -22"><span class='ocrx_word' id='word_1_70' title='bbox 206 1953 269 2026; x_wconf 87' lang='lat' dir='ltr'>vel</span> <span class='ocrx_word' id='word_1_71' title='bbox 299 1955 347 2026; x_wconf 88' lang='lat' dir='ltr'>de</span> <span class='ocrx_word' id='word_1_72' title='bbox 375 1953 566 2025; x_wconf 89' lang='lat' dir='ltr'>mandato</span> <span class='ocrx_word' id='word_1_73' title='bbox 585 1953 734 2026; x_wconf 89' lang='lat' dir='ltr'>summi</span> <span class='ocrx_word' id='word_1_74' title='bbox 754 1951 957 2047; x_wconf 88' lang='lat' dir='ltr'>pontificis</span> <span class='ocrx_word' id='word_1_75' title='bbox 975 1975 1108 2024; x_wconf 89' lang='lat' dir='ltr'>coram</span> <span class='ocrx_word' id='word_1_76' title='bbox 1130 1951 1453 2046; x_wconf 90' lang='lat' dir='ltr'>disquisitoribus</span> <span class='ocrx_word' id='word_1_77' title='bbox 1471 1933 1653 2045; x_wconf 87' lang='lat' dir='ltr'>deposita</span> 
     </span>
     <span class='ocr_line' id='line_1_11' title="bbox 207 2085 1651 2181; baseline -0.003 -21"><span class='ocrx_word' id='word_1_78' title='bbox 207 2097 247 2160; x_wconf 90' lang='lat' dir='ltr'>et</span> <span class='ocrx_word' id='word_1_79' title='bbox 266 2087 563 2160; x_wconf 78' lang='lat' dir='ltr'>examinatione</span> <span class='ocrx_word' id='word_1_80' title='bbox 582 2086 745 2159; x_wconf 88' lang='lat' dir='ltr'>testium</span> <span class='ocrx_word' id='word_1_81' title='bbox 767 2085 952 2181; x_wconf 84' lang='lat' dir='ltr'>diligenti</span> <span class='ocrx_word' id='word_1_82' title='bbox 971 2086 1201 2180; x_wconf 86' lang='lat' dir='ltr'>approbata,</span> <span class='ocrx_word' id='word_1_83' title='bbox 1221 2085 1305 2158; x_wconf 88' lang='lat' dir='ltr'>sive</span> <span class='ocrx_word' id='word_1_84' title='bbox 1333 2085 1452 2156; x_wconf 88' lang='lat' dir='ltr'>etiam</span> <span class='ocrx_word' id='word_1_85' title='bbox 1478 2085 1651 2156; x_wconf 85' lang='lat' dir='ltr'>fratrum</span> 
     </span>
     <span class='ocr_line' id='line_1_12' title="bbox 205 2217 1653 2312; baseline -0.004 -19"><span class='ocrx_word' id='word_1_86' title='bbox 205 2221 334 2293; x_wconf 91' lang='lat' dir='ltr'>nostri</span> <span class='ocrx_word' id='word_1_87' title='bbox 362 2219 514 2291; x_wconf 82' lang='lat' dir='ltr'>ordinis</span> <span class='ocrx_word' id='word_1_88' title='bbox 542 2219 673 2290; x_wconf 87' lang='lat' dir='ltr'>adhue</span> <span class='ocrx_word' id='word_1_89' title='bbox 702 2219 963 2312; x_wconf 86' lang='lat' dir='ltr'>superstitum</span> <span class='ocrx_word' id='word_1_90' title='bbox 993 2219 1169 2292; x_wconf 78' lang='lat' dir='ltr'>veridica</span> <span class='ocrx_word' id='word_1_91' title='bbox 1196 2218 1299 2290; x_wconf 91' lang='lat' dir='ltr'>mihi</span> <span class='ocrx_word' id='word_1_92' title='bbox 1327 2217 1521 2290; x_wconf 87' lang='lat' dir='ltr'>relatione</span> <span class='ocrx_word' id='word_1_93' title='bbox 1550 2238 1653 2288; x_wconf 91' lang='lat' dir='ltr'>oom-</span> 
     </span>
     <span class='ocr_line' id='line_1_13' title="bbox 207 2346 1653 2452; baseline -0.003 -26"><span class='ocrx_word' id='word_1_94' title='bbox 207 2355 320 2448; x_wconf 89' lang='lat' dir='ltr'>perta</span> <span class='ocrx_word' id='word_1_95' title='bbox 350 2379 367 2420; x_wconf 86' lang='grc'><strong><em>»</em></strong></span> <span class='ocrx_word' id='word_1_96' title='bbox 395 2346 483 2452; x_wconf 78' lang='lat' dir='ltr'>(pg.</span> <span class='ocrx_word' id='word_1_97' title='bbox 506 2350 559 2452; x_wconf 84' lang='lat'>2).</span> <span class='ocrx_word' id='word_1_98' title='bbox 590 2352 680 2445; x_wconf 78' lang='lat' dir='ltr'>Quo</span> <span class='ocrx_word' id='word_1_99' title='bbox 708 2354 828 2424; x_wconf 93' lang='lat' dir='ltr'>modo</span> <span class='ocrx_word' id='word_1_100' title='bbox 856 2357 995 2426; x_wconf 87' lang='lat' dir='ltr'>auctor</span> <span class='ocrx_word' id='word_1_101' title='bbox 1023 2352 1141 2424; x_wconf 91' lang='lat' dir='ltr'>claris</span> <span class='ocrx_word' id='word_1_102' title='bbox 1168 2350 1440 2424; x_wconf 83' lang='lat' dir='ltr'>verbisfinem</span> <span class='ocrx_word' id='word_1_103' title='bbox 1462 2355 1503 2422; x_wconf 90' lang='lat' dir='ltr'>et</span> <span class='ocrx_word' id='word_1_104' title='bbox 1521 2351 1653 2422; x_wconf 89' lang='lat' dir='ltr'>fontes</span> 
     </span>
     <span class='ocr_line' id='line_1_14' title="bbox 206 2484 1652 2582; baseline -0.002 -24"><span class='ocrx_word' id='word_1_105' title='bbox 206 2508 298 2559; x_wconf 88' lang='lat' dir='ltr'>suos</span> <span class='ocrx_word' id='word_1_106' title='bbox 334 2487 515 2581; x_wconf 84' lang='lat' dir='ltr'>exponit:</span> <span class='ocrx_word' id='word_1_107' title='bbox 554 2486 638 2582; x_wconf 84' lang='lat' dir='ltr'>agit</span> <span class='ocrx_word' id='word_1_108' title='bbox 675 2486 723 2557; x_wconf 92' lang='lat' dir='ltr'>de</span> <span class='ocrx_word' id='word_1_109' title='bbox 765 2486 962 2558; x_wconf 79' lang='lat' dir='ltr'>miraculis</span> <span class='ocrx_word' id='word_1_110' title='bbox 990 2508 1014 2558; x_wconf 89' lang='lat' dir='ltr'>a</span> <span class='ocrx_word' id='word_1_111' title='bbox 1045 2485 1238 2558; x_wconf 88' lang='lat' dir='ltr'>fratribus</span> <span class='ocrx_word' id='word_1_112' title='bbox 1280 2485 1448 2580; x_wconf 87' lang='lat' dir='ltr'>patratis</span> <span class='ocrx_word' id='word_1_113' title='bbox 1489 2484 1652 2556; x_wconf 90' lang='lat' dir='ltr'>iunixus</span> 
     </span>
     <span class='ocr_line' id='line_1_15' title="bbox 207 2617 1652 2715; baseline -0.002 -24"><span class='ocrx_word' id='word_1_114' title='bbox 207 2621 357 2692; x_wconf 80' lang='lat' dir='ltr'>teethuu</span> <span class='ocrx_word' id='word_1_115' title='bbox 376 2619 669 2714; x_wconf 74' lang='lat' dir='ltr'>depositionibus</span> <span class='ocrx_word' id='word_1_116' title='bbox 701 2623 742 2691; x_wconf 90' lang='lat' dir='ltr'>et</span> <span class='ocrx_word' id='word_1_117' title='bbox 768 2617 949 2715; x_wconf 79' lang='lat' dir='ltr'>fratrum</span> <span class='ocrx_word' id='word_1_118' title='bbox 976 2620 1172 2706; x_wconf 83' lang='lat' dir='ltr'>relatione,</span> <span class='ocrx_word' id='word_1_119' title='bbox 1202 2619 1251 2691; x_wconf 90' lang='lat' dir='ltr'>de</span> <span class='ocrx_word' id='word_1_120' title='bbox 1279 2617 1424 2712; x_wconf 87' lang='lat' dir='ltr'>quibus</span> <span class='ocrx_word' id='word_1_121' title='bbox 1451 2617 1493 2688; x_wconf 93' lang='lat' dir='ltr'>in</span> <span class='ocrx_word' id='word_1_122' title='bbox 1523 2617 1652 2710; x_wconf 91' lang='lat' dir='ltr'>specie</span> 
     </span>
     <span class='ocr_line' id='line_1_16' title="bbox 201 2753 736 2847; baseline 0.002 -23"><span class='ocrx_word' id='word_1_123' title='bbox 201 2753 288 2847; x_wconf 86' lang='lat' dir='ltr'>jam</span> <span class='ocrx_word' id='word_1_124' title='bbox 320 2753 515 2847; x_wconf 89' lang='lat' dir='ltr'>quaedam</span> <span class='ocrx_word' id='word_1_125' title='bbox 546 2753 736 2825; x_wconf 87' lang='lat' dir='ltr'>dicemus.</span> 
     </span>
    </p>

    <p class='ocr_par' dir='ltr' id='par_1_5' title="bbox 206 2884 1653 3513">
     <span class='ocr_line' id='line_1_17' title="bbox 312 2884 1652 2988; baseline -0.002 -30"><span class='ocrx_word' id='word_1_126' title='bbox 312 2887 350 2988; x_wconf 75' lang='grc'>1.</span> <span class='ocrx_word' id='word_1_127' title='bbox 367 2886 428 2958; x_wconf 85' lang='lat' dir='ltr'>Dc</span> <span class='ocrx_word' id='word_1_128' title='bbox 444 2884 484 2959; x_wconf 74' lang='lat' dir='ltr'>S.</span> <span class='ocrx_word' id='word_1_129' title='bbox 497 2885 666 2958; x_wconf 80' lang='lat' dir='ltr'>Autouio</span> <span class='ocrx_word' id='word_1_130' title='bbox 681 2886 885 2958; x_wconf 82' lang='lat' dir='ltr'>Potaoiuo.</span> <span class='ocrx_word' id='word_1_131' title='bbox 902 2885 1043 2958; x_wconf 90' lang='lat' dir='ltr'>Primo</span> <span class='ocrx_word' id='word_1_132' title='bbox 1058 2885 1145 2958; x_wconf 89' lang='lat' dir='ltr'>loco</span> <span class='ocrx_word' id='word_1_133' title='bbox 1164 2885 1248 2980; x_wconf 89' lang='lat' dir='ltr'>agit</span> <span class='ocrx_word' id='word_1_134' title='bbox 1266 2885 1449 2978; x_wconf 77' lang='lat' dir='ltr'>dialogus</span> <span class='ocrx_word' id='word_1_135' title='bbox 1467 2885 1515 2956; x_wconf 91' lang='lat' dir='ltr'>de</span> <span class='ocrx_word' id='word_1_136' title='bbox 1531 2884 1652 2978; x_wconf 87' lang='lat' dir='ltr'>gestis</span> 
     </span>
     <span class='ocr_line' id='line_1_18' title="bbox 206 3017 1653 3114; baseline -0.002 -23"><span class='ocrx_word' id='word_1_137' title='bbox 206 3024 247 3091; x_wconf 90' lang='lat' dir='ltr'>et</span> <span class='ocrx_word' id='word_1_138' title='bbox 266 3020 484 3091; x_wconf 84' lang='lat' dir='ltr'>virtutibus</span> <span class='ocrx_word' id='word_1_139' title='bbox 504 3017 544 3092; x_wconf 79' lang='lat' dir='ltr'>S.</span> <span class='ocrx_word' id='word_1_140' title='bbox 561 3017 748 3091; x_wconf 87' lang='lat' dir='ltr'>Antonii.</span> <span class='ocrx_word' id='word_1_141' title='bbox 765 3018 838 3109; x_wconf 84' lang='lat' dir='ltr'>Ea,</span> <span class='ocrx_word' id='word_1_142' title='bbox 854 3041 956 3114; x_wconf 88' lang='lat' dir='ltr'>quae</span> <span class='ocrx_word' id='word_1_143' title='bbox 975 3020 1024 3090; x_wconf 90' lang='lat' dir='ltr'>de</span> <span class='ocrx_word' id='word_1_144' title='bbox 1039 3019 1163 3113; x_wconf 90' lang='lat' dir='ltr'>ipsius</span> <span class='ocrx_word' id='word_1_145' title='bbox 1177 3019 1299 3113; x_wconf 87' lang='lat' dir='ltr'>gestis</span> <span class='ocrx_word' id='word_1_146' title='bbox 1313 3019 1447 3108; x_wconf 83' lang='lat' dir='ltr'>refert,</span> <span class='ocrx_word' id='word_1_147' title='bbox 1463 3017 1653 3112; x_wconf 87' lang='lat' dir='ltr'>leguntur</span> 
     </span>
     <span class='ocr_line' id='line_1_19' title="bbox 206 3149 1649 3248; baseline -0.003 -24"><span class='ocrx_word' id='word_1_148' title='bbox 206 3153 329 3224; x_wconf 86' lang='lat' dir='ltr'>etiarn</span> <span class='ocrx_word' id='word_1_149' title='bbox 349 3152 390 3223; x_wconf 93' lang='lat' dir='ltr'>in</span> <span class='ocrx_word' id='word_1_150' title='bbox 411 3151 483 3224; x_wconf 88' lang='lat' dir='ltr'>illa</span> <span class='ocrx_word' id='word_1_151' title='bbox 496 3153 676 3247; x_wconf 84' lang='lat' dir='ltr'>legende,</span> <span class='ocrx_word' id='word_1_152' title='bbox 697 3175 798 3248; x_wconf 90' lang='lat' dir='ltr'>quae</span> <span class='ocrx_word' id='word_1_153' title='bbox 817 3153 960 3246; x_wconf 89' lang='lat' dir='ltr'>incipit</span> <span class='ocrx_word' id='word_1_154' title='bbox 974 3151 1148 3224; x_wconf 72' lang='lat' dir='ltr'>Aomdum</span> <span class='ocrx_word' id='word_1_155' title='bbox 1157 3149 1339 3248; x_wconf 83' lang='lat' dir='ltr'>fratrum</span> <span class='ocrx_word' id='word_1_156' title='bbox 1351 3150 1649 3244; x_wconf 77' lang='lat' dir='ltr'>postulatiorm;²</span> 
     </span>
     <span class='ocr_line' id='line_1_20' title="bbox 206 3283 1651 3380; baseline -0.001 -24"><span class='ocrx_word' id='word_1_157' title='bbox 206 3285 313 3357; x_wconf 91' lang='lat' dir='ltr'>idem</span> <span class='ocrx_word' id='word_1_158' title='bbox 342 3285 385 3356; x_wconf 92' lang='lat' dir='ltr'>in</span> <span class='ocrx_word' id='word_1_159' title='bbox 417 3289 583 3379; x_wconf 89' lang='lat' dir='ltr'>utroque</span> <span class='ocrx_word' id='word_1_160' title='bbox 603 3285 773 3358; x_wconf 89' lang='lat' dir='ltr'>habetur</span> <span class='ocrx_word' id='word_1_161' title='bbox 791 3285 887 3357; x_wconf 91' lang='lat' dir='ltr'>ordo</span> <span class='ocrx_word' id='word_1_162' title='bbox 906 3307 1041 3357; x_wconf 90' lang='lat' dir='ltr'>rerum</span> <span class='ocrx_word' id='word_1_163' title='bbox 1061 3289 1101 3356; x_wconf 92' lang='lat' dir='ltr'>et</span> <span class='ocrx_word' id='word_1_164' title='bbox 1120 3285 1258 3356; x_wconf 87' lang='lat' dir='ltr'>eadem</span> <span class='ocrx_word' id='word_1_165' title='bbox 1278 3283 1445 3356; x_wconf 91' lang='lat' dir='ltr'>omnino</span> <span class='ocrx_word' id='word_1_166' title='bbox 1463 3305 1651 3380; x_wconf 89' lang='lat' dir='ltr'>persaepe</span> 
     </span>
     <span class='ocr_line' id='line_1_21' title="bbox 206 3417 1650 3513; baseline -0.001 -24"><span class='ocrx_word' id='word_1_167' title='bbox 206 3419 338 3508; x_wconf 88' lang='lat' dir='ltr'>verba,</span> <span class='ocrx_word' id='word_1_168' title='bbox 368 3440 490 3512; x_wconf 88' lang='lat' dir='ltr'>quare</span> <span class='ocrx_word' id='word_1_169' title='bbox 519 3418 755 3490; x_wconf 87' lang='lat' dir='ltr'>relationem</span> <span class='ocrx_word' id='word_1_170' title='bbox 785 3419 892 3492; x_wconf 90' lang='lat' dir='ltr'>iuter</span> <span class='ocrx_word' id='word_1_171' title='bbox 920 3423 1137 3513; x_wconf 90' lang='lat' dir='ltr'>utrumque</span> <span class='ocrx_word' id='word_1_172' title='bbox 1165 3417 1305 3491; x_wconf 90' lang='lat' dir='ltr'>haberi</span> <span class='ocrx_word' id='word_1_173' title='bbox 1332 3419 1441 3490; x_wconf 90' lang='lat' dir='ltr'>certo</span> <span class='ocrx_word' id='word_1_174' title='bbox 1469 3421 1650 3505; x_wconf 74' lang='lat' dir='ltr'>constat,</span> 
     </span>
    </p>
   </div>
   <div class='ocr_carea' id='block_1_5' title="bbox 200 3749 1689 5065">
    <p class='ocr_par' dir='ltr' id='par_1_6' title="bbox 204 3749 1652 4087">
     <span class='ocr_line' id='line_1_22' title="bbox 205 3749 1652 3822; baseline 0 -18"><span class='ocrx_word' id='word_1_175' title='bbox 205 3751 296 3806; x_wconf 86' lang='lat' dir='ltr'>rende</span> <span class='ocrx_word' id='word_1_176' title='bbox 323 3755 423 3806; x_wconf 83' lang='lat' dir='ltr'>autem</span> <span class='ocrx_word' id='word_1_177' title='bbox 451 3751 619 3806; x_wconf 84' lang='lat' dir='ltr'>testimonio</span> <span class='ocrx_word' id='word_1_178' title='bbox 645 3751 745 3806; x_wconf 83' lang='lat' dir='ltr'>Artori</span> <span class='ocrx_word' id='word_1_179' title='bbox 765 3749 907 3806; x_wconf 80' lang='lat' dir='ltr'>Sberalea</span> <span class='ocrx_word' id='word_1_180' title='bbox 935 3753 1059 3818; x_wconf 77' lang='lat' dir='ltr'>erravit3</span> <span class='ocrx_word' id='word_1_181' title='bbox 1089 3750 1240 3809; x_wconf 80' lang='lat' dir='ltr'>Aeruuus</span> <span class='ocrx_word' id='word_1_182' title='bbox 1259 3751 1279 3805; x_wconf 95' lang='lat' dir='ltr'>l.</span> <span class='ocrx_word' id='word_1_183' title='bbox 1301 3767 1327 3805; x_wconf 92' lang='lat' dir='ltr'>c.</span> <span class='ocrx_word' id='word_1_184' title='bbox 1349 3759 1411 3822; x_wconf 73' lang='lat' dir='ltr'>(pg.</span> <span class='ocrx_word' id='word_1_185' title='bbox 1427 3750 1483 3815; x_wconf 82' lang='lat' dir='ltr'>lb.)</span> <span class='ocrx_word' id='word_1_186' title='bbox 1502 3765 1596 3820; x_wconf 83' lang='lat' dir='ltr'>agene</span> <span class='ocrx_word' id='word_1_187' title='bbox 1614 3751 1652 3804; x_wconf 89' lang='lat' dir='ltr'>de</span> 
     </span>
     <span class='ocr_line' id='line_1_23' title="bbox 206 3839 1651 3909; baseline -0.001 -16"><span class='ocrx_word' id='word_1_188' title='bbox 206 3840 239 3894; x_wconf 89' lang='lat' dir='ltr'>B.</span> <span class='ocrx_word' id='word_1_189' title='bbox 262 3840 411 3894; x_wconf 82' lang='lat' dir='ltr'>Mattheeo</span> <span class='ocrx_word' id='word_1_190' title='bbox 438 3839 707 3894; x_wconf 82' lang='lat' dir='ltr'>Narniensidicit:</span> <span class='ocrx_word' id='word_1_191' title='bbox 727 3858 743 3891; x_wconf 75' lang='lat' dir='ltr'>e</span> <span class='ocrx_word' id='word_1_192' title='bbox 766 3857 803 3895; x_wconf 78' lang='lat' dir='ltr'>ea</span> <span class='ocrx_word' id='word_1_193' title='bbox 828 3839 1032 3894; x_wconf 83' lang='lat' dir='ltr'>Crescentioia</span> <span class='ocrx_word' id='word_1_194' title='bbox 1045 3839 1160 3909; x_wconf 74' lang='lat' dir='ltr'>Diahrp.</span> <span class='ocrx_word' id='word_1_195' title='bbox 1177 3857 1202 3894; x_wconf 75' lang='lat' dir='ltr'>u.</span> <span class='ocrx_word' id='word_1_196' title='bbox 1223 3869 1257 3880; x_wconf 92' lang='lat'><em>-</em></span> <span class='ocrx_word' id='word_1_197' title='bbox 1277 3839 1383 3894; x_wconf 86' lang='lat' dir='ltr'>Plures</span> <span class='ocrx_word' id='word_1_198' title='bbox 1402 3841 1433 3892; x_wconf 89' lang='lat' dir='ltr'>ln</span> <span class='ocrx_word' id='word_1_199' title='bbox 1453 3839 1534 3893; x_wconf 85' lang='lat' dir='ltr'>hisce</span> <span class='ocrx_word' id='word_1_200' title='bbox 1563 3839 1651 3894; x_wconf 89' lang='lat' dir='ltr'>rebus</span> 
     </span>
     <span class='ocr_line' id='line_1_24' title="bbox 205 3925 1651 3998; baseline -0.002 -15"><span class='ocrx_word' id='word_1_201' title='bbox 205 3927 406 3983; x_wconf 85' lang='lat' dir='ltr'>contuderunt</span> <span class='ocrx_word' id='word_1_202' title='bbox 415 3929 449 3981; x_wconf 84' lang='lat' dir='ltr'>fr.</span> <span class='ocrx_word' id='word_1_203' title='bbox 463 3925 666 3982; x_wconf 81' lang='lat' dir='ltr'>crescentium</span> <span class='ocrx_word' id='word_1_204' title='bbox 677 3933 707 3982; x_wconf 85' lang='lat' dir='ltr'>et</span> <span class='ocrx_word' id='word_1_205' title='bbox 721 3927 753 3980; x_wconf 90' lang='lat' dir='ltr'>B.</span> <span class='ocrx_word' id='word_1_206' title='bbox 770 3929 934 3996; x_wconf 78' lang='lat' dir='ltr'>Jounnem3</span> <span class='ocrx_word' id='word_1_207' title='bbox 947 3946 962 3980; x_wconf 78' lang='lat' dir='ltr'>e</span> <span class='ocrx_word' id='word_1_208' title='bbox 976 3927 1188 3985; x_wconf 82' lang='lat' dir='ltr'>Commercium</span> <span class='ocrx_word' id='word_1_209' title='bbox 1197 3927 1384 3998; x_wconf 80' lang='lat' dir='ltr'>paupertatis</span> <span class='ocrx_word' id='word_1_210' title='bbox 1398 3945 1414 3978; x_wconf 89' lang='lat'><strong>»</strong></span> <span class='ocrx_word' id='word_1_211' title='bbox 1427 3927 1479 3981; x_wconf 83' lang='lat' dir='ltr'>alii</span> <span class='ocrx_word' id='word_1_212' title='bbox 1491 3927 1523 3982; x_wconf 89' lang='lat' dir='ltr'>B.</span> <span class='ocrx_word' id='word_1_213' title='bbox 1540 3927 1651 3982; x_wconf 77' lang='lat' dir='ltr'>loanni</span> 
     </span>
     <span class='ocr_line' id='line_1_25' title="bbox 204 4015 1649 4087; baseline 0.001 -17"><span class='ocrx_word' id='word_1_214' title='bbox 204 4017 419 4084; x_wconf 80' lang='lat' dir='ltr'>attribuerunt;</span> <span class='ocrx_word' id='word_1_215' title='bbox 440 4015 504 4070; x_wconf 90' lang='lat' dir='ltr'>cod.</span> <span class='ocrx_word' id='word_1_216' title='bbox 527 4031 621 4083; x_wconf 83' lang='lat' dir='ltr'>xxxv,</span> <span class='ocrx_word' id='word_1_217' title='bbox 641 4015 676 4068; x_wconf 78' lang='lat'>2)</span> <span class='ocrx_word' id='word_1_218' title='bbox 695 4015 892 4072; x_wconf 81' lang='lat' dir='ltr'>bibliothecae</span> <span class='ocrx_word' id='word_1_219' title='bbox 911 4017 1120 4087; x_wconf 77' lang='lat' dir='ltr'>hlapliabccchi</span> <span class='ocrx_word' id='word_1_220' title='bbox 1132 4017 1322 4072; x_wconf 77' lang='lat' dir='ltr'>Florentium</span> <span class='ocrx_word' id='word_1_221' title='bbox 1335 4031 1405 4072; x_wconf 88' lang='lat' dir='ltr'>vero</span> <span class='ocrx_word' id='word_1_222' title='bbox 1418 4018 1453 4070; x_wconf 85' lang='lat' dir='ltr'>fr&#39;.</span> <span class='ocrx_word' id='word_1_223' title='bbox 1471 4015 1649 4072; x_wconf 86' lang='lat' dir='ltr'>Crescentio.</span> 
     </span>
    </p>

    <p class='ocr_par' dir='ltr' id='par_1_7' title="bbox 204 4097 1689 4711">
     <span class='ocr_line' id='line_1_26' title="bbox 311 4097 1689 4175; baseline -0.001 -17"><span class='ocrx_word' id='word_1_224' title='bbox 311 4098 383 4159; x_wconf 84' lang='lat' dir='ltr'>¹Cl.</span> <span class='ocrx_word' id='word_1_225' title='bbox 406 4105 528 4170; x_wconf 74' lang='lat' dir='ltr'>Eunus,</span> <span class='ocrx_word' id='word_1_226' title='bbox 548 4103 680 4158; x_wconf 79' lang='lat' dir='ltr'>Historia</span> <span class='ocrx_word' id='word_1_227' title='bbox 710 4103 889 4160; x_wconf 79' lang='lat' dir='ltr'>bibliothecae</span> <span class='ocrx_word' id='word_1_228' title='bbox 916 4107 1121 4161; x_wconf 84' lang='lat' dir='ltr'>Romanorum</span> <span class='ocrx_word' id='word_1_229' title='bbox 1141 4105 1329 4175; x_wconf 79' lang='lat' dir='ltr'>Pontificum,</span> <span class='ocrx_word' id='word_1_230' title='bbox 1349 4121 1378 4174; x_wconf 92' lang='lat' dir='ltr'>p.</span> <span class='ocrx_word' id='word_1_231' title='bbox 1400 4121 1411 4158; x_wconf 92' lang='lat' dir='ltr'>r</span> <span class='ocrx_word' id='word_1_232' title='bbox 1431 4105 1552 4174; x_wconf 84' lang='lat' dir='ltr'>(Romae</span> <span class='ocrx_word' id='word_1_233' title='bbox 1571 4103 1650 4170; x_wconf 76' lang='lat'>1890)</span> <span class='ocrx_word' id='word_1_234' title='bbox 1685 4097 1689 4102; x_wconf 80' lang='grc'>’</span> 
     </span>
     <span class='ocr_line' id='line_1_27' title="bbox 204 4192 1652 4264; baseline 0 -16"><span class='ocrx_word' id='word_1_235' title='bbox 204 4209 254 4264; x_wconf 85' lang='lat' dir='ltr'>pg.</span> <span class='ocrx_word' id='word_1_236' title='bbox 276 4194 338 4248; x_wconf 85' lang='grc'><strong>496.</strong></span> <span class='ocrx_word' id='word_1_237' title='bbox 360 4193 432 4257; x_wconf 86' lang='lat' dir='ltr'>Quis</span> <span class='ocrx_word' id='word_1_238' title='bbox 450 4194 490 4248; x_wconf 85' lang='lat' dir='ltr'>sit</span> <span class='ocrx_word' id='word_1_239' title='bbox 508 4192 561 4248; x_wconf 89' lang='lat' dir='ltr'>ille</span> <span class='ocrx_word' id='word_1_240' title='bbox 579 4193 669 4248; x_wconf 86' lang='lat' dir='ltr'>trater</span> <span class='ocrx_word' id='word_1_241' title='bbox 698 4193 861 4262; x_wconf 84' lang='lat' dir='ltr'>Johmnee,</span> <span class='ocrx_word' id='word_1_242' title='bbox 881 4200 911 4250; x_wconf 88' lang='lat' dir='ltr'>et</span> <span class='ocrx_word' id='word_1_243' title='bbox 933 4195 1006 4264; x_wconf 87' lang='lat' dir='ltr'>quid</span> <span class='ocrx_word' id='word_1_244' title='bbox 1034 4193 1086 4250; x_wconf 88' lang='lat' dir='ltr'>ille</span> <span class='ocrx_word' id='word_1_245' title='bbox 1114 4195 1261 4264; x_wconf 83' lang='lat' dir='ltr'>dialogus,</span> <span class='ocrx_word' id='word_1_246' title='bbox 1291 4195 1466 4264; x_wconf 84' lang='lat' dir='ltr'>ignoramus</span> <span class='ocrx_word' id='word_1_247' title='bbox 1495 4195 1579 4260; x_wconf 82' lang='lat' dir='ltr'>(forte</span> <span class='ocrx_word' id='word_1_248' title='bbox 1607 4199 1652 4248; x_wconf 86' lang='lat' dir='ltr'>est</span> 
     </span>
     <span class='ocr_line' id='line_1_28' title="bbox 204 4281 1651 4353; baseline 0.002 -19"><span class='ocrx_word' id='word_1_249' title='bbox 204 4282 359 4338; x_wconf 72' lang='lat' dir='ltr'>«Sacrum</span> <span class='ocrx_word' id='word_1_250' title='bbox 376 4281 583 4337; x_wconf 81' lang='lat' dir='ltr'>commercium</span> <span class='ocrx_word' id='word_1_251' title='bbox 601 4281 676 4336; x_wconf 87' lang='lat' dir='ltr'>beati</span> <span class='ocrx_word' id='word_1_252' title='bbox 695 4283 848 4338; x_wconf 66' lang='lat' dir='ltr'>Fraucroci</span> <span class='ocrx_word' id='word_1_253' title='bbox 871 4299 940 4338; x_wconf 87' lang='lat' dir='ltr'>cum</span> <span class='ocrx_word' id='word_1_254' title='bbox 966 4284 1088 4339; x_wconf 83' lang='lat' dir='ltr'>domina</span> <span class='ocrx_word' id='word_1_255' title='bbox 1109 4285 1286 4353; x_wconf 82' lang='lat' dir='ltr'>paupertate</span> <span class='ocrx_word' id='word_1_256' title='bbox 1300 4302 1326 4351; x_wconf 86' lang='lat'>»,</span> <span class='ocrx_word' id='word_1_257' title='bbox 1347 4298 1436 4352; x_wconf 84' lang='lat' dir='ltr'>quern</span> <span class='ocrx_word' id='word_1_258' title='bbox 1466 4283 1575 4338; x_wconf 88' lang='lat' dir='ltr'>librum</span> <span class='ocrx_word' id='word_1_259' title='bbox 1600 4297 1651 4337; x_wconf 84' lang='lat' dir='ltr'>au·</span> 
     </span>
     <span class='ocr_line' id='line_1_29' title="bbox 204 4371 1651 4442; baseline 0.002 -17"><span class='ocrx_word' id='word_1_260' title='bbox 204 4376 299 4426; x_wconf 86' lang='lat' dir='ltr'>ctores</span> <span class='ocrx_word' id='word_1_261' title='bbox 318 4371 431 4427; x_wconf 84' lang='lat' dir='ltr'>saeculi</span> <span class='ocrx_word' id='word_1_262' title='bbox 444 4387 498 4426; x_wconf 87' lang='lat' dir='ltr'>xrv</span> <span class='ocrx_word' id='word_1_263' title='bbox 511 4371 545 4426; x_wconf 94' lang='lat' dir='ltr'>B.</span> <span class='ocrx_word' id='word_1_264' title='bbox 562 4371 672 4426; x_wconf 79' lang='lat' dir='ltr'>loanni</span> <span class='ocrx_word' id='word_1_265' title='bbox 691 4371 845 4427; x_wconf 85' lang='lat' dir='ltr'>Parmensi</span> <span class='ocrx_word' id='word_1_266' title='bbox 864 4373 1084 4440; x_wconf 84' lang='lat' dir='ltr'>attribuerunt).</span> <span class='ocrx_word' id='word_1_267' title='bbox 1101 4372 1201 4428; x_wconf 86' lang='lat' dir='ltr'>Codex</span> <span class='ocrx_word' id='word_1_268' title='bbox 1214 4373 1312 4428; x_wconf 86' lang='lat' dir='ltr'>dictus</span> <span class='ocrx_word' id='word_1_269' title='bbox 1324 4371 1544 4426; x_wconf 83' lang='lat' dir='ltr'>Avenioneusis</span> <span class='ocrx_word' id='word_1_270' title='bbox 1556 4373 1651 4442; x_wconf 89' lang='lat' dir='ltr'>primo</span> 
     </span>
     <span class='ocr_line' id='line_1_30' title="bbox 205 4459 1651 4534; baseline 0.003 -22"><span class='ocrx_word' id='word_1_271' title='bbox 205 4459 270 4516; x_wconf 89' lang='lat' dir='ltr'>loco</span> <span class='ocrx_word' id='word_1_272' title='bbox 288 4461 392 4518; x_wconf 82' lang='lat' dir='ltr'>habuit</span> <span class='ocrx_word' id='word_1_273' title='bbox 409 4463 508 4518; x_wconf 73' lang='lat' dir='ltr'>fratris</span> <span class='ocrx_word' id='word_1_274' title='bbox 528 4461 608 4517; x_wconf 82' lang='lat' dir='ltr'>Petri</span> <span class='ocrx_word' id='word_1_275' title='bbox 626 4459 745 4518; x_wconf 76' lang='lat' dir='ltr'>Aureoli</span> <span class='ocrx_word' id='word_1_276' title='bbox 763 4463 967 4532; x_wconf 84' lang='lat' dir='ltr'>quaestionem</span> <span class='ocrx_word' id='word_1_277' title='bbox 986 4463 1023 4518; x_wconf 91' lang='lat' dir='ltr'>de</span> <span class='ocrx_word' id='word_1_278' title='bbox 1040 4467 1224 4534; x_wconf 78' lang='lat' dir='ltr'>paupertate,</span> <span class='ocrx_word' id='word_1_279' title='bbox 1244 4477 1334 4532; x_wconf 85' lang='lat' dir='ltr'>quam</span> <span class='ocrx_word' id='word_1_280' title='bbox 1354 4462 1537 4516; x_wconf 87' lang='lat' dir='ltr'>diversorum</span> <span class='ocrx_word' id='word_1_281' title='bbox 1550 4467 1651 4518; x_wconf 82' lang='lat' dir='ltr'>aucto-</span> 
     </span>
     <span class='ocr_line' id='line_1_31' title="bbox 205 4550 1652 4622; baseline 0.002 -19"><span class='ocrx_word' id='word_1_282' title='bbox 205 4563 282 4618; x_wconf 89' lang='lat' dir='ltr'>rum,</span> <span class='ocrx_word' id='word_1_283' title='bbox 302 4552 473 4619; x_wconf 83' lang='lat' dir='ltr'>pracsertim</span> <span class='ocrx_word' id='word_1_284' title='bbox 492 4551 610 4606; x_wconf 83' lang='lat' dir='ltr'>Abbatie</span> <span class='ocrx_word' id='word_1_285' title='bbox 627 4550 773 4617; x_wconf 84' lang='lat' dir='ltr'>Joachim,</span> <span class='ocrx_word' id='word_1_286' title='bbox 793 4551 904 4622; x_wconf 84' lang='lat' dir='ltr'>scripta</span> <span class='ocrx_word' id='word_1_287' title='bbox 922 4551 1009 4622; x_wconf 83' lang='lat' dir='ltr'>plura</span> <span class='ocrx_word' id='word_1_288' title='bbox 1027 4553 1237 4622; x_wconf 85' lang='lat' dir='ltr'>sequebantur.</span> <span class='ocrx_word' id='word_1_289' title='bbox 1252 4551 1288 4605; x_wconf 90' lang='lat' dir='ltr'>In</span> <span class='ocrx_word' id='word_1_290' title='bbox 1301 4551 1437 4621; x_wconf 81' lang='lat' dir='ltr'>catalogo</span> <span class='ocrx_word' id='word_1_291' title='bbox 1456 4551 1652 4606; x_wconf 78' lang='lat' dir='ltr'>bibliothecae</span> 
     </span>
     <span class='ocr_line' id='line_1_32' title="bbox 206 4638 1648 4711; baseline 0.003 -19"><span class='ocrx_word' id='word_1_292' title='bbox 206 4638 273 4692; x_wconf 81' lang='grc'><strong>1111</strong></span> <span class='ocrx_word' id='word_1_293' title='bbox 294 4639 427 4694; x_wconf 83' lang='lat' dir='ltr'>confecto</span> <span class='ocrx_word' id='word_1_294' title='bbox 445 4641 543 4695; x_wconf 83' lang='lat' dir='ltr'>adhuc</span> <span class='ocrx_word' id='word_1_295' title='bbox 562 4643 755 4708; x_wconf 67' lang='lat' dir='ltr'>memoratum</span> <span class='ocrx_word' id='word_1_296' title='bbox 774 4641 945 4696; x_wconf 82' lang='lat' dir='ltr'>ulteriorem</span> <span class='ocrx_word' id='word_1_297' title='bbox 964 4641 1047 4696; x_wconf 84' lang='lat' dir='ltr'>illiue</span> <span class='ocrx_word' id='word_1_298' title='bbox 1065 4647 1174 4697; x_wconf 86' lang='lat' dir='ltr'>sortem</span> <span class='ocrx_word' id='word_1_299' title='bbox 1193 4641 1375 4711; x_wconf 81' lang='lat' dir='ltr'>investigare</span> <span class='ocrx_word' id='word_1_300' title='bbox 1389 4640 1470 4694; x_wconf 81' lang='lat' dir='ltr'>haud</span> <span class='ocrx_word' id='word_1_301' title='bbox 1489 4641 1648 4710; x_wconf 84' lang='lat' dir='ltr'>potuimus.</span> 
     </span>
    </p>

    <p class='ocr_par' dir='ltr' id='par_1_8' title="bbox 200 4727 1652 5065">
     <span class='ocr_line' id='line_1_33' title="bbox 312 4727 1649 4802; baseline 0.001 -20"><span class='ocrx_word' id='word_1_302' title='bbox 312 4729 322 4758; x_wconf 87' lang='lat'><strong>¹</strong></span> <span class='ocrx_word' id='word_1_303' title='bbox 341 4727 505 4784; x_wconf 85' lang='lat' dir='ltr'>Ediderunt</span> <span class='ocrx_word' id='word_1_304' title='bbox 518 4731 714 4784; x_wconf 82' lang='lat' dir='ltr'>Monumauta</span> <span class='ocrx_word' id='word_1_305' title='bbox 727 4730 924 4799; x_wconf 76' lang='lat' dir='ltr'>Portupalh&#39;ae</span> <span class='ocrx_word' id='word_1_306' title='bbox 942 4729 1089 4795; x_wconf 67' lang='lat' dir='ltr'>historica,</span> <span class='ocrx_word' id='word_1_307' title='bbox 1105 4736 1125 4784; x_wconf 90' lang='lat' dir='ltr'>t.</span> <span class='ocrx_word' id='word_1_308' title='bbox 1141 4728 1434 4802; x_wconf 75' lang='lat' dir='ltr'>1(Olisip0n01856),</span> <span class='ocrx_word' id='word_1_309' title='bbox 1449 4745 1498 4800; x_wconf 83' lang='lat' dir='ltr'>pg.</span> <span class='ocrx_word' id='word_1_310' title='bbox 1513 4730 1563 4782; x_wconf 89' lang='lat'>116</span> <span class='ocrx_word' id='word_1_311' title='bbox 1585 4744 1649 4798; x_wconf 88' lang='lat' dir='ltr'>sqq.</span> 
     </span>
     <span class='ocr_line' id='line_1_34' title="bbox 204 4815 1650 4890; baseline -0.001 -18"><span class='ocrx_word' id='word_1_312' title='bbox 204 4821 235 4872; x_wconf 88' lang='lat' dir='ltr'>et</span> <span class='ocrx_word' id='word_1_313' title='bbox 243 4816 292 4872; x_wconf 84' lang='lat' dir='ltr'>Fr.</span> <span class='ocrx_word' id='word_1_314' title='bbox 304 4815 461 4873; x_wconf 71' lang='lat' dir='ltr'>Humerus</span> <span class='ocrx_word' id='word_1_315' title='bbox 471 4817 680 4887; x_wconf 81' lang='lat' dir='ltr'>Pxnrsmnsre,</span> <span class='ocrx_word' id='word_1_316' title='bbox 692 4817 722 4873; x_wconf 83' lang='lat' dir='ltr'>S.</span> <span class='ocrx_word' id='word_1_317' title='bbox 735 4818 859 4873; x_wconf 76' lang='lat' dir='ltr'>Ariciae</span> <span class='ocrx_word' id='word_1_318' title='bbox 869 4819 903 4874; x_wconf 85' lang='lat' dir='ltr'>de</span> <span class='ocrx_word' id='word_1_319' title='bbox 914 4819 1042 4884; x_wconf 75' lang='lat' dir='ltr'>Pacem,</span> <span class='ocrx_word' id='word_1_320' title='bbox 1054 4833 1088 4872; x_wconf 81' lang='lat' dir='ltr'>ea</span> <span class='ocrx_word' id='word_1_321' title='bbox 1097 4819 1212 4888; x_wconf 68' lang='lat' dir='ltr'>lipeude</span> <span class='ocrx_word' id='word_1_322' title='bbox 1218 4819 1370 4890; x_wconf 81' lang='lat' dir='ltr'>primitive</span> <span class='ocrx_word' id='word_1_323' title='bbox 1381 4818 1550 4884; x_wconf 88' lang='lat' dir='ltr'>(Montreuil</span> <span class='ocrx_word' id='word_1_324' title='bbox 1560 4818 1650 4888; x_wconf 82' lang='grc'><strong>1890),</strong></span> 
     </span>
     <span class='ocr_line' id='line_1_35' title="bbox 204 4905 1652 4978; baseline 0.001 -20"><span class='ocrx_word' id='word_1_325' title='bbox 204 4923 254 4976; x_wconf 88' lang='lat' dir='ltr'>pg.</span> <span class='ocrx_word' id='word_1_326' title='bbox 276 4905 354 4974; x_wconf 72' lang='lat' dir='ltr'>1e33</span> <span class='ocrx_word' id='word_1_327' title='bbox 375 4907 452 4960; x_wconf 82' lang='lat' dir='ltr'>hene</span> <span class='ocrx_word' id='word_1_328' title='bbox 471 4907 594 4962; x_wconf 80' lang='lat' dir='ltr'>alteram</span> <span class='ocrx_word' id='word_1_329' title='bbox 614 4907 774 4962; x_wconf 88' lang='lat' dir='ltr'>editionem</span> <span class='ocrx_word' id='word_1_330' title='bbox 793 4907 994 4963; x_wconf 87' lang='lat' dir='ltr'>adhibuimus.</span> <span class='ocrx_word' id='word_1_331' title='bbox 1018 4905 1061 4961; x_wconf 83' lang='lat' dir='ltr'>Gt.</span> <span class='ocrx_word' id='word_1_332' title='bbox 1083 4907 1120 4962; x_wconf 92' lang='lat' dir='ltr'>de</span> <span class='ocrx_word' id='word_1_333' title='bbox 1138 4907 1265 4978; x_wconf 85' lang='lat' dir='ltr'>legende</span> <span class='ocrx_word' id='word_1_334' title='bbox 1284 4909 1337 4962; x_wconf 83' lang='lat' dir='ltr'>ille</span> <span class='ocrx_word' id='word_1_335' title='bbox 1357 4907 1481 4975; x_wconf 82' lang='lat' dir='ltr'>Lunrr,</span> <span class='ocrx_word' id='word_1_336' title='bbox 1505 4907 1652 4960; x_wconf 72' lang='lat' dir='ltr'>Anauros</span> 
     </span>
     <span class='ocr_line' id='line_1_36' title="bbox 200 4993 1346 5065; baseline 0.004 -17"><span class='ocrx_word' id='word_1_337' title='bbox 200 5011 257 5049; x_wconf 81' lang='lat' dir='ltr'>uon</span> <span class='ocrx_word' id='word_1_338' title='bbox 271 4995 386 5060; x_wconf 86' lang='lat' dir='ltr'>Padua,</span> <span class='ocrx_word' id='word_1_339' title='bbox 407 4993 440 5050; x_wconf 87' lang='lat' dir='ltr'>in</span> <span class='ocrx_word' id='word_1_340' title='bbox 459 4995 631 5065; x_wconf 83' lang='lat' dir='ltr'>Zeitechrifl</span> <span class='ocrx_word' id='word_1_341' title='bbox 649 4995 703 5064; x_wconf 78' lang='lat' dir='ltr'>fur</span> <span class='ocrx_word' id='word_1_342' title='bbox 722 4995 1017 5065; x_wconf 73' lang='lat' dir='ltr'>Kircheuperchichle,</span> <span class='ocrx_word' id='word_1_343' title='bbox 1038 5000 1059 5050; x_wconf 84' lang='lat' dir='ltr'>t.</span> <span class='ocrx_word' id='word_1_344' title='bbox 1076 5011 1108 5050; x_wconf 84' lang='lat' dir='ltr'>xr</span> <span class='ocrx_word' id='word_1_345' title='bbox 1128 4994 1236 5061; x_wconf 82' lang='lat' dir='ltr'>(Gotha</span> <span class='ocrx_word' id='word_1_346' title='bbox 1255 4997 1346 5064; x_wconf 77' lang='lat'>1890).</span> 
     </span>
    </p>
   </div>
   <div class='ocr_carea' id='block_1_6' title="bbox 0 0 1956 5570">
    <p class='ocr_par' dir='ltr' id='par_1_9' title="bbox 0 0 1956 5570">
     <span class='ocr_line' id='line_1_37' title="bbox 0 0 1956 5570; baseline 0 0"><span class='ocrx_word' id='word_1_347' title='bbox 0 0 1956 5570; x_wconf 95' lang='lat' dir='ltr'> </span> 
     </span>
    </p>
   </div>
  </div>
 </body>
</html>
